%% This BibTeX bibliography file was created using BibDesk.
%% http://bibdesk.sourceforge.net/


%% Created for Terje Gundersen at 2009-09-21 12:11:09 +0200 


%% Saved with string encoding Unicode (UTF-8) 



@manual{nordgaard07,
	Author = {Peter Nordgaard},
	Date-Added = {2009-09-15 14:44:45 +0200},
	Date-Modified = {2009-09-15 14:47:32 +0200},
	Organization = {NTNU},
	Title = {Plotting in Matlab - A Quick Tutorial},
	Year = {2007},
	Bdsk-File-1 = {YnBsaXN0MDDUAQIDBAUGCQpYJHZlcnNpb25UJHRvcFkkYXJjaGl2ZXJYJG9iamVjdHMSAAGGoNEHCFRyb290gAFfEA9OU0tleWVkQXJjaGl2ZXKoCwwXGBkdJCVVJG51bGzTDQ4PEBEUViRjbGFzc1dOUy5rZXlzWk5TLm9iamVjdHOAB6ISE4ACgAOiFRaABIAGWWFsaWFzRGF0YVxyZWxhdGl2ZVBhdGjSDRobHFdOUy5kYXRhgAVPEQIWAAAAAAIWAAIAAAxNYWNpbnRvc2ggSEQAAAAAAAAAAAAAAAAAAADDR0iWSCsAAAEZdecfMjAwNyBQbG90dGluZyBpbiBNYXRsI0MyQTc4LnBkZgAAAAAAAAAAAAAAAAAAAAAAAAAAAAAAAAAAAAAAAAAAAAwqeMMzqrAAAAAAAAAAAAADAAMAAAkgAAAAAAAAAAAAAAAAAAAACU5vcmRnYWFyZAAAEAAIAADDRyx2AAAAEQAIAADDM46QAAAAAQAUARl15wEM4/MAC6eXAAungAAAeWcAAgBTTWFjaW50b3NoIEhEOlVzZXJzOlRlcmplOkRvY3VtZW50czpQYXBlcnM6Tm9yZGdhYXJkOjIwMDcgUGxvdHRpbmcgaW4gTWF0bCNDMkE3OC5wZGYAAA4AXgAuADIAMAAwADcAIABQAGwAbwB0AHQAaQBuAGcAIABpAG4AIABNAGEAdABsAGEAYgAgAC0AIABBACAAUQB1AGkAYwBrACAAVAB1AHQAbwByAGkAYQBsAC4AcABkAGYADwAaAAwATQBhAGMAaQBuAHQAbwBzAGgAIABIAEQAEgBVVXNlcnMvVGVyamUvRG9jdW1lbnRzL1BhcGVycy9Ob3JkZ2FhcmQvMjAwNyBQbG90dGluZyBpbiBNYXRsYWIgLSBBIFF1aWNrIFR1dG9yaWFsLnBkZgAAEwABLwAAFQACAAz//wAA0h4fICFYJGNsYXNzZXNaJGNsYXNzbmFtZaMhIiNdTlNNdXRhYmxlRGF0YVZOU0RhdGFYTlNPYmplY3RfEEguLi8uLi8uLi9QYXBlcnMvTm9yZGdhYXJkLzIwMDcgUGxvdHRpbmcgaW4gTWF0bGFiIC0gQSBRdWljayBUdXRvcmlhbC5wZGbSHh8mJ6InI1xOU0RpY3Rpb25hcnkACAARABoAHwApADIANwA6AD8AQQBTAFwAYgBpAHAAeACDAIUAiACKAIwAjwCRAJMAnQCqAK8AtwC5AtMC2ALhAuwC8AL+AwUDDgNZA14DYQAAAAAAAAIBAAAAAAAAACgAAAAAAAAAAAAAAAAAAANu}}

@manual{matlabintro,
	Author = {Anders Gjendemsj{\o}},
	Date-Added = {2009-09-15 14:44:45 +0200},
	Date-Modified = {2009-09-15 14:46:18 +0200},
	Edition = {1.2},
	Organization = {NTNU},
	Title = {An Introduction to MATLAB},
	Year = {2007},
	Bdsk-File-1 = {YnBsaXN0MDDUAQIDBAUGCQpYJHZlcnNpb25UJHRvcFkkYXJjaGl2ZXJYJG9iamVjdHMSAAGGoNEHCFRyb290gAFfEA9OU0tleWVkQXJjaGl2ZXKoCwwXGBkdJCVVJG51bGzTDQ4PEBEUViRjbGFzc1dOUy5rZXlzWk5TLm9iamVjdHOAB6ISE4ACgAOiFRaABIAGWWFsaWFzRGF0YVxyZWxhdGl2ZVBhdGjSDRobHFdOUy5kYXRhgAVPEQH0AAAAAAH0AAIAAAxNYWNpbnRvc2ggSEQAAAAAAAAAAAAAAAAAAADDR0iWSCsAAAEZdaAfMjAwNyBBbiBJbnRyb2R1Y3Rpb24gI0MyQTc3LnBkZgAAAAAAAAAAAAAAAAAAAAAAAAAAAAAAAAAAAAAAAAAAAAwqd8LvVrMAAAAAAAAAAAADAAMAAAkgAAAAAAAAAAAAAAAAAAAACkdqZW5kZW1zar8AEAAIAADDRyx2AAAAEQAIAADC7zqTAAAAAQAUARl1oAEM4/MAC6eXAAungAAAeWcAAgBUTWFjaW50b3NoIEhEOlVzZXJzOlRlcmplOkRvY3VtZW50czpQYXBlcnM6R2plbmRlbXNqvzoyMDA3IEFuIEludHJvZHVjdGlvbiAjQzJBNzcucGRmAA4ARgAiADIAMAAwADcAIABBAG4AIABJAG4AdAByAG8AZAB1AGMAdABpAG8AbgAgAHQAbwAgAE0AQQBUAEwAQQBCAC4AcABkAGYADwAaAAwATQBhAGMAaQBuAHQAbwBzAGgAIABIAEQAEgBLVXNlcnMvVGVyamUvRG9jdW1lbnRzL1BhcGVycy9HamVuZGVtc2rDuC8yMDA3IEFuIEludHJvZHVjdGlvbiB0byBNQVRMQUIucGRmAAATAAEvAAAVAAIADP//AADSHh8gIVgkY2xhc3Nlc1okY2xhc3NuYW1loyEiI11OU011dGFibGVEYXRhVk5TRGF0YVhOU09iamVjdG8QPQAuAC4ALwAuAC4ALwAuAC4ALwBQAGEAcABlAHIAcwAvAEcAagBlAG4AZABlAG0AcwBqAPgALwAyADAAMAA3ACAAQQBuACAASQBuAHQAcgBvAGQAdQBjAHQAaQBvAG4AIAB0AG8AIABNAEEAVABMAEEAQgAuAHAAZABm0h4fJieiJyNcTlNEaWN0aW9uYXJ5AAgAEQAaAB8AKQAyADcAOgA/AEEAUwBcAGIAaQBwAHgAgwCFAIgAigCMAI8AkQCTAJ0AqgCvALcAuQKxArYCvwLKAs4C3ALjAuwDaQNuA3EAAAAAAAACAQAAAAAAAAAoAAAAAAAAAAAAAAAAAAADfg==}}

@article{stylianou95,
	Author = {Stylianou, Yannis and Cappe, Olivier and Moulines, Eric},
	Date-Added = {2009-09-07 11:48:52 +0200},
	Date-Modified = {2009-09-21 12:11:06 +0200},
	Journal = {Fourth European Conference on Speech Communication and Technology},
	Keywords = {Speech technology},
	Pages = {447--450},
	Rating = {5},
	Read = {Yes},
	Title = {Statistical methods for voice quality transformation},
	Volume = {95},
	Year = {1995},
	Bdsk-File-1 = {YnBsaXN0MDDUAQIDBAUGCQpYJHZlcnNpb25UJHRvcFkkYXJjaGl2ZXJYJG9iamVjdHMSAAGGoNEHCFRyb290gAFfEA9OU0tleWVkQXJjaGl2ZXKoCwwXGBkdJCVVJG51bGzTDQ4PEBEUViRjbGFzc1dOUy5rZXlzWk5TLm9iamVjdHOAB6ISE4ACgAOiFRaABIAGWWFsaWFzRGF0YVxyZWxhdGl2ZVBhdGjSDRobHFdOUy5kYXRhgAVPEQJCAAAAAAJCAAIAAAxNYWNpbnRvc2ggSEQAAAAAAAAAAAAAAAAAAADDR0iWSCsAAAEM5Z0fMTk5NSBTdGF0aXN0aWNhbCBtZSMxMTU3RjIxLnBkZgAAAAAAAAAAAAAAAAAAAAAAAAAAAAAAAAAAAAAAAAAAARV/IcbKo4IAAAAAAAAAAAADAAMAAAkgAAAAAAAAAAAAAAAAAAAACVN0eWxpYW5vdQAAEAAIAADDRyx2AAAAEQAIAADGyodiAAAAAQAUAQzlnQEM4/MAC6eXAAungAAAeWcAAgBTTWFjaW50b3NoIEhEOlVzZXJzOlRlcmplOkRvY3VtZW50czpQYXBlcnM6U3R5bGlhbm91OjE5OTUgU3RhdGlzdGljYWwgbWUjMTE1N0YyMS5wZGYAAA4AfAA9ADEAOQA5ADUAIABTAHQAYQB0AGkAcwB0AGkAYwBhAGwAIABtAGUAdABoAG8AZABzACAAZgBvAHIAIAB2AG8AaQBjAGUAIABxAHUAYQBsAGkAdAB5ACAAdAByAGEAbgBzAGYAbwByAG0AYQB0AGkAbwBuAC4AcABkAGYADwAaAAwATQBhAGMAaQBuAHQAbwBzAGgAIABIAEQAEgBkVXNlcnMvVGVyamUvRG9jdW1lbnRzL1BhcGVycy9TdHlsaWFub3UvMTk5NSBTdGF0aXN0aWNhbCBtZXRob2RzIGZvciB2b2ljZSBxdWFsaXR5IHRyYW5zZm9ybWF0aW9uLnBkZgATAAEvAAAVAAIADP//AADSHh8gIVgkY2xhc3Nlc1okY2xhc3NuYW1loyEiI11OU011dGFibGVEYXRhVk5TRGF0YVhOU09iamVjdF8QVy4uLy4uLy4uL1BhcGVycy9TdHlsaWFub3UvMTk5NSBTdGF0aXN0aWNhbCBtZXRob2RzIGZvciB2b2ljZSBxdWFsaXR5IHRyYW5zZm9ybWF0aW9uLnBkZtIeHyYnoicjXE5TRGljdGlvbmFyeQAIABEAGgAfACkAMgA3ADoAPwBBAFMAXABiAGkAcAB4AIMAhQCIAIoAjACPAJEAkwCdAKoArwC3ALkC/wMEAw0DGAMcAyoDMQM6A5QDmQOcAAAAAAAAAgEAAAAAAAAAKAAAAAAAAAAAAAAAAAAAA6k=}}

@inproceedings{yutani09,
	Author = {Yutani, K. and Uto, Y. and Nankaku, Y. and Lee, A. and Tokuda, K.},
	Booktitle = {IEEE International Conference on Acoustics, Speech and Signal Processing},
	Date-Added = {2009-09-02 11:20:07 +0200},
	Date-Modified = {2009-09-02 11:21:52 +0200},
	Keywords = {Speech technology},
	Month = {April},
	Pages = {3897 -- 3900},
	Series = {ICASSP},
	Title = {Voice conversion based on simultaneous modelling of spectrum and F0},
	Year = {2009},
	Bdsk-File-1 = {YnBsaXN0MDDUAQIDBAUGCQpYJHZlcnNpb25UJHRvcFkkYXJjaGl2ZXJYJG9iamVjdHMSAAGGoNEHCFRyb290gAFfEA9OU0tleWVkQXJjaGl2ZXKoCwwXGBkdJCVVJG51bGzTDQ4PEBEUViRjbGFzc1dOUy5rZXlzWk5TLm9iamVjdHOAB6ISE4ACgAOiFRaABIAGWWFsaWFzRGF0YVxyZWxhdGl2ZVBhdGjSDRobHFdOUy5kYXRhgAVPEQIsAAAAAAIsAAIAAAxNYWNpbnRvc2ggSEQAAAAAAAAAAAAAAAAAAADDR0iWSCsAAAETq34fMjAwOSBWb2ljZSBjb252ZXJzaSMxMTNBQjA2LnBkZgAAAAAAAAAAAAAAAAAAAAAAAAAAAAAAAAAAAAAAAAAAAROrBsbEBSsAAAAAAAAAAAADAAMAAAkgAAAAAAAAAAAAAAAAAAAABll1dGFuaQAQAAgAAMNHLHYAAAARAAgAAMbD6QsAAAABABQBE6t+AQzj8wALp5cAC6eAAAB5ZwACAFBNYWNpbnRvc2ggSEQ6VXNlcnM6VGVyamU6RG9jdW1lbnRzOlBhcGVyczpZdXRhbmk6MjAwOSBWb2ljZSBjb252ZXJzaSMxMTNBQjA2LnBkZgAOAHQAOQAyADAAMAA5ACAAVgBvAGkAYwBlACAAYwBvAG4AdgBlAHIAcwBpAG8AbgAgAGIAYQBzAGUAZAAgAG8AbgAgAHMAaQBtAHUAbAB0AGEAbgBlAG8AdQBzACAAbQBvAGQAZQBsAGwAaQBuAGcALgBwAGQAZgAPABoADABNAGEAYwBpAG4AdABvAHMAaAAgAEgARAASAF1Vc2Vycy9UZXJqZS9Eb2N1bWVudHMvUGFwZXJzL1l1dGFuaS8yMDA5IFZvaWNlIGNvbnZlcnNpb24gYmFzZWQgb24gc2ltdWx0YW5lb3VzIG1vZGVsbGluZy5wZGYAABMAAS8AABUAAgAM//8AANIeHyAhWCRjbGFzc2VzWiRjbGFzc25hbWWjISIjXU5TTXV0YWJsZURhdGFWTlNEYXRhWE5TT2JqZWN0XxBQLi4vLi4vLi4vUGFwZXJzL1l1dGFuaS8yMDA5IFZvaWNlIGNvbnZlcnNpb24gYmFzZWQgb24gc2ltdWx0YW5lb3VzIG1vZGVsbGluZy5wZGbSHh8mJ6InI1xOU0RpY3Rpb25hcnkACAARABoAHwApADIANwA6AD8AQQBTAFwAYgBpAHAAeACDAIUAiACKAIwAjwCRAJMAnQCqAK8AtwC5AukC7gL3AwIDBgMUAxsDJAN3A3wDfwAAAAAAAAIBAAAAAAAAACgAAAAAAAAAAAAAAAAAAAOM}}

@book{statistikk,
	Author = {Walpole, Ronald E. and Myers, Raymond H. and Myers, Sharon L. and Ye, Keying},
	Date-Added = {2009-08-31 21:45:53 +0200},
	Date-Modified = {2009-08-31 21:51:57 +0200},
	Edition = {8th},
	Editor = {Sally Yagan},
	Keywords = {Mathematics},
	Publisher = {Pearson Prentice Hall},
	Read = {Yes},
	Title = {Probability \& Statistics for Engineers \& Scientists},
	Year = {2007}}

@article{laroche93,
	Author = {Laroche, Jean and Stylianou, Yannis and Moulines, Eeric},
	Date-Added = {2009-08-31 13:49:51 +0200},
	Date-Modified = {2009-08-31 14:05:53 +0200},
	Journal = {IEEE International Conference on Acoustics, Speech, and Signal Processing},
	Keywords = {Speech technology},
	Number = {4},
	Pages = {550--553},
	Title = {HNS: Speech modification based on a harmonic + noise model},
	Volume = {2},
	Year = {1993},
	Bdsk-File-1 = {YnBsaXN0MDDUAQIDBAUGCQpYJHZlcnNpb25UJHRvcFkkYXJjaGl2ZXJYJG9iamVjdHMSAAGGoNEHCFRyb290gAFfEA9OU0tleWVkQXJjaGl2ZXKoCwwXGBkdJCVVJG51bGzTDQ4PEBEUViRjbGFzc1dOUy5rZXlzWk5TLm9iamVjdHOAB6ISE4ACgAOiFRaABIAGWWFsaWFzRGF0YVxyZWxhdGl2ZVBhdGjSDRobHFdOUy5kYXRhgAVPEQIoAAAAAAIoAAIAAAxNYWNpbnRvc2ggSEQAAAAAAAAAAAAAAAAAAADDR0iWSCsAAAESzb4fMTk5MyBITlMvIFNwZWVjaCBtbyMxMTJDRDlCLnBkZgAAAAAAAAAAAAAAAAAAAAAAAAAAAAAAAAAAAAAAAAAAARLNm8bBhXIAAAAAAAAAAAADAAMAAAkgAAAAAAAAAAAAAAAAAAAAB0xhcm9jaGUAABAACAAAw0csdgAAABEACAAAxsFpUgAAAAEAFAESzb4BDOPzAAunlwALp4AAAHlnAAIAUU1hY2ludG9zaCBIRDpVc2VyczpUZXJqZTpEb2N1bWVudHM6UGFwZXJzOkxhcm9jaGU6MTk5MyBITlMvIFNwZWVjaCBtbyMxMTJDRDlCLnBkZgAADgBuADYAMQA5ADkAMwAgAEgATgBTAC8AIABTAHAAZQBlAGMAaAAgAG0AbwBkAGkAZgBpAGMAYQB0AGkAbwBuACAAYgBhAHMAZQBkACAAbwBuACAAYQAgAGgAYQByAG0AbwBuAGkAYwArAC4AcABkAGYADwAaAAwATQBhAGMAaQBuAHQAbwBzAGgAIABIAEQAEgBbVXNlcnMvVGVyamUvRG9jdW1lbnRzL1BhcGVycy9MYXJvY2hlLzE5OTMgSE5TOiBTcGVlY2ggbW9kaWZpY2F0aW9uIGJhc2VkIG9uIGEgaGFybW9uaWMrLnBkZgAAEwABLwAAFQACAAz//wAA0h4fICFYJGNsYXNzZXNaJGNsYXNzbmFtZaMhIiNdTlNNdXRhYmxlRGF0YVZOU0RhdGFYTlNPYmplY3RfEE4uLi8uLi8uLi9QYXBlcnMvTGFyb2NoZS8xOTkzIEhOUzogU3BlZWNoIG1vZGlmaWNhdGlvbiBiYXNlZCBvbiBhIGhhcm1vbmljKy5wZGbSHh8mJ6InI1xOU0RpY3Rpb25hcnkACAARABoAHwApADIANwA6AD8AQQBTAFwAYgBpAHAAeACDAIUAiACKAIwAjwCRAJMAnQCqAK8AtwC5AuUC6gLzAv4DAgMQAxcDIANxA3YDeQAAAAAAAAIBAAAAAAAAACgAAAAAAAAAAAAAAAAAAAOG}}

@article{savioja99,
	Author = {Savioja, Lauri and Huopaniemi, Jyri and Lokki, Tapio and V{\"a}{\"a}n{\"a}nen, Riitta},
	Date-Added = {2009-08-31 11:23:39 +0200},
	Date-Modified = {2009-08-31 11:25:14 +0200},
	Journal = {Journal of the Audio Engineering Society},
	Keywords = {Acoustics},
	Number = {9},
	Pages = {675--705},
	Publisher = {Audio Engineering Society},
	Title = {Creating interactive virtual acoustic environments},
	Volume = {47},
	Year = {1999},
	Bdsk-File-1 = {YnBsaXN0MDDUAQIDBAUGCQpYJHZlcnNpb25UJHRvcFkkYXJjaGl2ZXJYJG9iamVjdHMSAAGGoNEHCFRyb290gAFfEA9OU0tleWVkQXJjaGl2ZXKoCwwXGBkdJCVVJG51bGzTDQ4PEBEUViRjbGFzc1dOUy5rZXlzWk5TLm9iamVjdHOAB6ISE4ACgAOiFRaABIAGWWFsaWFzRGF0YVxyZWxhdGl2ZVBhdGjSDRobHFdOUy5kYXRhgAVPEQI2AAAAAAI2AAIAAAxNYWNpbnRvc2ggSEQAAAAAAAAAAAAAAAAAAADDR0iWSCsAAAESxCsfMTk5OSBDcmVhdGluZyBpbnRlciMxMTJDMTYxLnBkZgAAAAAAAAAAAAAAAAAAAAAAAAAAAAAAAAAAAAAAAAAAARLBYcbBSU8AAAAAAAAAAAADAAMAAAkgAAAAAAAAAAAAAAAAAAAAB1NhdmlvamEAABAACAAAw0csdgAAABEACAAAxsEtLwAAAAEAFAESxCsBDOPzAAunlwALp4AAAHlnAAIAUU1hY2ludG9zaCBIRDpVc2VyczpUZXJqZTpEb2N1bWVudHM6UGFwZXJzOlNhdmlvamE6MTk5OSBDcmVhdGluZyBpbnRlciMxMTJDMTYxLnBkZgAADgB4ADsAMQA5ADkAOQAgAEMAcgBlAGEAdABpAG4AZwAgAGkAbgB0AGUAcgBhAGMAdABpAHYAZQAgAHYAaQByAHQAdQBhAGwAIABhAGMAbwB1AHMAdABpAGMAIABlAG4AdgBpAHIAbwBuAG0AZQBuAHQAcwAuAHAAZABmAA8AGgAMAE0AYQBjAGkAbgB0AG8AcwBoACAASABEABIAYFVzZXJzL1RlcmplL0RvY3VtZW50cy9QYXBlcnMvU2F2aW9qYS8xOTk5IENyZWF0aW5nIGludGVyYWN0aXZlIHZpcnR1YWwgYWNvdXN0aWMgZW52aXJvbm1lbnRzLnBkZgATAAEvAAAVAAIADP//AADSHh8gIVgkY2xhc3Nlc1okY2xhc3NuYW1loyEiI11OU011dGFibGVEYXRhVk5TRGF0YVhOU09iamVjdF8QUy4uLy4uLy4uL1BhcGVycy9TYXZpb2phLzE5OTkgQ3JlYXRpbmcgaW50ZXJhY3RpdmUgdmlydHVhbCBhY291c3RpYyBlbnZpcm9ubWVudHMucGRm0h4fJieiJyNcTlNEaWN0aW9uYXJ5AAgAEQAaAB8AKQAyADcAOgA/AEEAUwBcAGIAaQBwAHgAgwCFAIgAigCMAI8AkQCTAJ0AqgCvALcAuQLzAvgDAQMMAxADHgMlAy4DhAOJA4wAAAAAAAACAQAAAAAAAAAoAAAAAAAAAAAAAAAAAAADmQ==}}

@article{horbach99,
	Author = {Horbach, Ulrich and Boone, Marinus M.},
	Date-Added = {2009-08-31 11:21:08 +0200},
	Date-Modified = {2009-08-31 11:22:41 +0200},
	Journal = {AES 16th Int. Conference on Spatial Sound Reproduction},
	Keywords = {Acoustics},
	Title = {Future transmission and rendering formats for multichannel sound},
	Year = {1999},
	Bdsk-File-1 = {YnBsaXN0MDDUAQIDBAUGCQpYJHZlcnNpb25UJHRvcFkkYXJjaGl2ZXJYJG9iamVjdHMSAAGGoNEHCFRyb290gAFfEA9OU0tleWVkQXJjaGl2ZXKoCwwXGBkdJCVVJG51bGzTDQ4PEBEUViRjbGFzc1dOUy5rZXlzWk5TLm9iamVjdHOAB6ISE4ACgAOiFRaABIAGWWFsaWFzRGF0YVxyZWxhdGl2ZVBhdGjSDRobHFdOUy5kYXRhgAVPEQJOAAAAAAJOAAIAAAxNYWNpbnRvc2ggSEQAAAAAAAAAAAAAAAAAAADDR0iWSCsAAAESw80fMTk5OSBGdXR1cmUgdHJhbnNtaSMxMTJDMTYwLnBkZgAAAAAAAAAAAAAAAAAAAAAAAAAAAAAAAAAAAAAAAAAAARLBYMbBSU0AAAAAAAAAAAADAAMAAAkgAAAAAAAAAAAAAAAAAAAAB0hvcmJhY2gAABAACAAAw0csdgAAABEACAAAxsEtLQAAAAEAFAESw80BDOPzAAunlwALp4AAAHlnAAIAUU1hY2ludG9zaCBIRDpVc2VyczpUZXJqZTpEb2N1bWVudHM6UGFwZXJzOkhvcmJhY2g6MTk5OSBGdXR1cmUgdHJhbnNtaSMxMTJDMTYwLnBkZgAADgCIAEMAMQA5ADkAOQAgAEYAdQB0AHUAcgBlACAAdAByAGEAbgBzAG0AaQBzAHMAaQBvAG4AIABhAG4AZAAgAHIAZQBuAGQAZQByAGkAbgBnACAAZgBvAHIAbQBhAHQAcwAgAGYAbwByACAAbQB1AGwAdABpAGMAaABhAG4AbgBlAGwALgBwAGQAZgAPABoADABNAGEAYwBpAG4AdABvAHMAaAAgAEgARAASAGhVc2Vycy9UZXJqZS9Eb2N1bWVudHMvUGFwZXJzL0hvcmJhY2gvMTk5OSBGdXR1cmUgdHJhbnNtaXNzaW9uIGFuZCByZW5kZXJpbmcgZm9ybWF0cyBmb3IgbXVsdGljaGFubmVsLnBkZgATAAEvAAAVAAIADP//AADSHh8gIVgkY2xhc3Nlc1okY2xhc3NuYW1loyEiI11OU011dGFibGVEYXRhVk5TRGF0YVhOU09iamVjdF8QWy4uLy4uLy4uL1BhcGVycy9Ib3JiYWNoLzE5OTkgRnV0dXJlIHRyYW5zbWlzc2lvbiBhbmQgcmVuZGVyaW5nIGZvcm1hdHMgZm9yIG11bHRpY2hhbm5lbC5wZGbSHh8mJ6InI1xOU0RpY3Rpb25hcnkACAARABoAHwApADIANwA6AD8AQQBTAFwAYgBpAHAAeACDAIUAiACKAIwAjwCRAJMAnQCqAK8AtwC5AwsDEAMZAyQDKAM2Az0DRgOkA6kDrAAAAAAAAAIBAAAAAAAAACgAAAAAAAAAAAAAAAAAAAO5}}

@inbook{krogstad99,
	Author = {Asbj{\o}rn Krogstad},
	Chapter = {13},
	Date-Added = {2009-08-31 11:19:33 +0200},
	Date-Modified = {2009-09-01 13:44:27 +0200},
	Keywords = {Acoustics},
	Pages = {291--326},
	Title = {Akustikk for ingeni{\o}rer},
	Year = {1999},
	Bdsk-File-1 = {YnBsaXN0MDDUAQIDBAUGCQpYJHZlcnNpb25UJHRvcFkkYXJjaGl2ZXJYJG9iamVjdHMSAAGGoNEHCFRyb290gAFfEA9OU0tleWVkQXJjaGl2ZXKoCwwXGBkdJCVVJG51bGzTDQ4PEBEUViRjbGFzc1dOUy5rZXlzWk5TLm9iamVjdHOAB6ISE4ACgAOiFRaABIAGWWFsaWFzRGF0YVxyZWxhdGl2ZVBhdGjSDRobHFdOUy5kYXRhgAVPEQJKAAAAAAJKAAIAAAxNYWNpbnRvc2ggSEQAAAAAAAAAAAAAAAAAAADDR0iWSCsAAAESw58fMTk2MCBCYWtncnVubiBmb3IgZSMxMTJDMTVGLnBkZgAAAAAAAAAAAAAAAAAAAAAAAAAAAAAAAAAAAAAAAAAAARLBX8bBSU4AAAAAAAAAAAADAAMAAAkgAAAAAAAAAAAAAAAAAAAACEtyb2dzdGFkABAACAAAw0csdgAAABEACAAAxsEtLgAAAAEAFAESw58BDOPzAAunlwALp4AAAHlnAAIAUk1hY2ludG9zaCBIRDpVc2VyczpUZXJqZTpEb2N1bWVudHM6UGFwZXJzOktyb2dzdGFkOjE5NjAgQmFrZ3J1bm4gZm9yIGUjMTEyQzE1Ri5wZGYADgCEAEEAMQA5ADYAMAAgAEIAYQBrAGcAcgB1AG4AbgAgAGYAbwByACAAZQBsAGUAawB0AHIAbwAtAGEAawB1AHMAdABpAHMAawAgAGwAeQBkAG8AdgBlAHIAZgD4AHIAaQBuAGcAIAAoAGMAaABhAHAAdABlAHIAIAAxADMAKQAuAHAAZABmAA8AGgAMAE0AYQBjAGkAbgB0AG8AcwBoACAASABEABIAaFVzZXJzL1RlcmplL0RvY3VtZW50cy9QYXBlcnMvS3JvZ3N0YWQvMTk2MCBCYWtncnVubiBmb3IgZWxla3Ryby1ha3VzdGlzayBseWRvdmVyZsO4cmluZyAoY2hhcHRlciAxMykucGRmABMAAS8AABUAAgAM//8AANIeHyAhWCRjbGFzc2VzWiRjbGFzc25hbWWjISIjXU5TTXV0YWJsZURhdGFWTlNEYXRhWE5TT2JqZWN0bxBaAC4ALgAvAC4ALgAvAC4ALgAvAFAAYQBwAGUAcgBzAC8ASwByAG8AZwBzAHQAYQBkAC8AMQA5ADYAMAAgAEIAYQBrAGcAcgB1AG4AbgAgAGYAbwByACAAZQBsAGUAawB0AHIAbwAtAGEAawB1AHMAdABpAHMAawAgAGwAeQBkAG8AdgBlAHIAZgD4AHIAaQBuAGcAIAAoAGMAaABhAHAAdABlAHIAIAAxADMAKQAuAHAAZABm0h4fJieiJyNcTlNEaWN0aW9uYXJ5AAgAEQAaAB8AKQAyADcAOgA/AEEAUwBcAGIAaQBwAHgAgwCFAIgAigCMAI8AkQCTAJ0AqgCvALcAuQMHAwwDFQMgAyQDMgM5A0ID+QP+BAEAAAAAAAACAQAAAAAAAAAoAAAAAAAAAAAAAAAAAAAEDg==}}

@inbook{hammershoi05,
	Author = {Hammershoi, D. and M{\o}ller, H.},
	Chapter = {9},
	Date-Added = {2009-08-31 11:03:39 +0200},
	Date-Modified = {2009-08-31 11:07:54 +0200},
	Editor = {Blauert, Jens},
	Keywords = {Acoustics},
	Pages = {223--254},
	Publisher = {Springer},
	Title = {Communication acoustics},
	Year = {2005},
	Bdsk-File-1 = {YnBsaXN0MDDUAQIDBAUGCQpYJHZlcnNpb25UJHRvcFkkYXJjaGl2ZXJYJG9iamVjdHMSAAGGoNEHCFRyb290gAFfEA9OU0tleWVkQXJjaGl2ZXKoCwwXGBkdJCVVJG51bGzTDQ4PEBEUViRjbGFzc1dOUy5rZXlzWk5TLm9iamVjdHOAB6ISE4ACgAOiFRaABIAGWWFsaWFzRGF0YVxyZWxhdGl2ZVBhdGjSDRobHFdOUy5kYXRhgAVPEQHmAAAAAAHmAAIAAAxNYWNpbnRvc2ggSEQAAAAAAAAAAAAAAAAAAADDR0iWSCsAAAESwaofMjAwNSBDb21tdW5pY2F0aW9uICMxMTJDMTVFLnBkZgAAAAAAAAAAAAAAAAAAAAAAAAAAAAAAAAAAAAAAAAAAARLBXsbBSUwAAAAAAAAAAAADAAMAAAkgAAAAAAAAAAAAAAAAAAAAB0JsYXVlcnQAABAACAAAw0csdgAAABEACAAAxsEtLAAAAAEAFAESwaoBDOPzAAunlwALp4AAAHlnAAIAUU1hY2ludG9zaCBIRDpVc2VyczpUZXJqZTpEb2N1bWVudHM6UGFwZXJzOkJsYXVlcnQ6MjAwNSBDb21tdW5pY2F0aW9uICMxMTJDMTVFLnBkZgAADgBCACAAMgAwADAANQAgAEMAbwBtAG0AdQBuAGkAYwBhAHQAaQBvAG4AIABhAGMAbwB1AHMAdABpAGMAcwAuAHAAZABmAA8AGgAMAE0AYQBjAGkAbgB0AG8AcwBoACAASABEABIARVVzZXJzL1RlcmplL0RvY3VtZW50cy9QYXBlcnMvQmxhdWVydC8yMDA1IENvbW11bmljYXRpb24gYWNvdXN0aWNzLnBkZgAAEwABLwAAFQACAAz//wAA0h4fICFYJGNsYXNzZXNaJGNsYXNzbmFtZaMhIiNdTlNNdXRhYmxlRGF0YVZOU0RhdGFYTlNPYmplY3RfEDguLi8uLi8uLi9QYXBlcnMvQmxhdWVydC8yMDA1IENvbW11bmljYXRpb24gYWNvdXN0aWNzLnBkZtIeHyYnoicjXE5TRGljdGlvbmFyeQAIABEAGgAfACkAMgA3ADoAPwBBAFMAXABiAGkAcAB4AIMAhQCIAIoAjACPAJEAkwCdAKoArwC3ALkCowKoArECvALAAs4C1QLeAxkDHgMhAAAAAAAAAgEAAAAAAAAAKAAAAAAAAAAAAAAAAAAAAy4=}}

@article{sundermann06,
	Author = {Sundermann, David and H{\"o}ge, Harald and Bonafonte, Antonio and Ney, Hermann and Black, Alan and Narayanan, Shri},
	Date-Added = {2009-08-21 14:14:35 +0200},
	Date-Modified = {2009-08-21 14:19:45 +0200},
	Doi = {10.1109/ICASSP.2006.1659962},
	Journal = {IEEE International Conference on Acoustics, Speech and Signal Processing},
	Keywords = {Speech technology},
	Month = {May},
	Pages = {81--84},
	Title = {Text-Independent Voice Conversion Based on Unit Selection},
	Volume = {1},
	Year = {2006},
	Bdsk-File-1 = {YnBsaXN0MDDUAQIDBAUGCQpYJHZlcnNpb25UJHRvcFkkYXJjaGl2ZXJYJG9iamVjdHMSAAGGoNEHCFRyb290gAFfEA9OU0tleWVkQXJjaGl2ZXKoCwwXGBkdJCVVJG51bGzTDQ4PEBEUViRjbGFzc1dOUy5rZXlzWk5TLm9iamVjdHOAB6ISE4ACgAOiFRaABIAGWWFsaWFzRGF0YVxyZWxhdGl2ZVBhdGjSDRobHFdOUy5kYXRhgAVPEQI0AAAAAAI0AAIAAAxNYWNpbnRvc2ggSEQAAAAAAAAAAAAAAAAAAADDR0iWSCsAAAEOlYYfMjAwNiBUZXh0LUluZGVwZW5kZSMxMEU5NTczLnBkZgAAAAAAAAAAAAAAAAAAAAAAAAAAAAAAAAAAAAAAAAAAAQ6Vc8a0XJAAAAAAAAAAAAADAAMAAAkgAAAAAAAAAAAAAAAAAAAAClN1bmRlcm1hbm4AEAAIAADDRyx2AAAAEQAIAADGtEBwAAAAAQAUAQ6VhgEM4/MAC6eXAAungAAAeWcAAgBUTWFjaW50b3NoIEhEOlVzZXJzOlRlcmplOkRvY3VtZW50czpQYXBlcnM6U3VuZGVybWFubjoyMDA2IFRleHQtSW5kZXBlbmRlIzEwRTk1NzMucGRmAA4AcgA4ADIAMAAwADYAIABUAGUAeAB0AC0ASQBuAGQAZQBwAGUAbgBkAGUAbgB0ACAAVgBvAGkAYwBlACAAQwBvAG4AdgBlAHIAcwBpAG8AbgAgAEIAYQBzAGUAZAAgAG8AbgAgAFUAbgBpAHQALgBwAGQAZgAPABoADABNAGEAYwBpAG4AdABvAHMAaAAgAEgARAASAGBVc2Vycy9UZXJqZS9Eb2N1bWVudHMvUGFwZXJzL1N1bmRlcm1hbm4vMjAwNiBUZXh0LUluZGVwZW5kZW50IFZvaWNlIENvbnZlcnNpb24gQmFzZWQgb24gVW5pdC5wZGYAEwABLwAAFQACAAz//wAA0h4fICFYJGNsYXNzZXNaJGNsYXNzbmFtZaMhIiNdTlNNdXRhYmxlRGF0YVZOU0RhdGFYTlNPYmplY3RfEFMuLi8uLi8uLi9QYXBlcnMvU3VuZGVybWFubi8yMDA2IFRleHQtSW5kZXBlbmRlbnQgVm9pY2UgQ29udmVyc2lvbiBCYXNlZCBvbiBVbml0LnBkZtIeHyYnoicjXE5TRGljdGlvbmFyeQAIABEAGgAfACkAMgA3ADoAPwBBAFMAXABiAGkAcAB4AIMAhQCIAIoAjACPAJEAkwCdAKoArwC3ALkC8QL2Av8DCgMOAxwDIwMsA4IDhwOKAAAAAAAAAgEAAAAAAAAAKAAAAAAAAAAAAAAAAAAAA5c=}}

@article{mouchtaris06,
	Author = {Mouchtaris, Athanasios and Van der Spiegel, Jan and Mueller, Paul},
	Date-Added = {2009-08-21 14:12:02 +0200},
	Date-Modified = {2009-08-21 14:13:48 +0200},
	Journal = {IEEE Transactions on Audio, Speech, and Language Processing},
	Keywords = {Speech technology},
	Month = {May},
	Number = {3},
	Pages = {952--963},
	Title = {Nonparallel training for voice conversion based on a parameter adaptation approach},
	Volume = {14},
	Year = {2006},
	Bdsk-File-1 = {YnBsaXN0MDDUAQIDBAUGCQpYJHZlcnNpb25UJHRvcFkkYXJjaGl2ZXJYJG9iamVjdHMSAAGGoNEHCFRyb290gAFfEA9OU0tleWVkQXJjaGl2ZXKoCwwXGBkdJCVVJG51bGzTDQ4PEBEUViRjbGFzc1dOUy5rZXlzWk5TLm9iamVjdHOAB6ISE4ACgAOiFRaABIAGWWFsaWFzRGF0YVxyZWxhdGl2ZVBhdGjSDRobHFdOUy5kYXRhgAVPEQI0AAAAAAI0AAIAAAxNYWNpbnRvc2ggSEQAAAAAAAAAAAAAAAAAAADDR0iWSCsAAAEOlQIfMjAwNiBOb25wYXJhbGxlbCB0ciMxMEU5NEVGLnBkZgAAAAAAAAAAAAAAAAAAAAAAAAAAAAAAAAAAAAAAAAAAAQ6U78a0W9kAAAAAAAAAAAADAAMAAAkgAAAAAAAAAAAAAAAAAAAACk1vdWNodGFyaXMAEAAIAADDRyx2AAAAEQAIAADGtD+5AAAAAQAUAQ6VAgEM4/MAC6eXAAungAAAeWcAAgBUTWFjaW50b3NoIEhEOlVzZXJzOlRlcmplOkRvY3VtZW50czpQYXBlcnM6TW91Y2h0YXJpczoyMDA2IE5vbnBhcmFsbGVsIHRyIzEwRTk0RUYucGRmAA4AcgA4ADIAMAAwADYAIABOAG8AbgBwAGEAcgBhAGwAbABlAGwAIAB0AHIAYQBpAG4AaQBuAGcAIABmAG8AcgAgAHYAbwBpAGMAZQAgAGMAbwBuAHYAZQByAHMAaQBvAG4AIABiAGEAcwBlAGQALgBwAGQAZgAPABoADABNAGEAYwBpAG4AdABvAHMAaAAgAEgARAASAGBVc2Vycy9UZXJqZS9Eb2N1bWVudHMvUGFwZXJzL01vdWNodGFyaXMvMjAwNiBOb25wYXJhbGxlbCB0cmFpbmluZyBmb3Igdm9pY2UgY29udmVyc2lvbiBiYXNlZC5wZGYAEwABLwAAFQACAAz//wAA0h4fICFYJGNsYXNzZXNaJGNsYXNzbmFtZaMhIiNdTlNNdXRhYmxlRGF0YVZOU0RhdGFYTlNPYmplY3RfEFMuLi8uLi8uLi9QYXBlcnMvTW91Y2h0YXJpcy8yMDA2IE5vbnBhcmFsbGVsIHRyYWluaW5nIGZvciB2b2ljZSBjb252ZXJzaW9uIGJhc2VkLnBkZtIeHyYnoicjXE5TRGljdGlvbmFyeQAIABEAGgAfACkAMgA3ADoAPwBBAFMAXABiAGkAcAB4AIMAhQCIAIoAjACPAJEAkwCdAKoArwC3ALkC8QL2Av8DCgMOAxwDIwMsA4IDhwOKAAAAAAAAAgEAAAAAAAAAKAAAAAAAAAAAAAAAAAAAA5c=}}

@article{kain98,
	Abstract = {A new voice conversion algorithm that modifies a source speaker's speech to sound as if produced by a target speaker is presented. It is applied to a residual-excited LPC text-to-speech diphone synthesizer. Spectral parameters are mapped using a locally linear transformation based on Gaussian mixture models whose parameters are trained by joint density estimation. The LPC residuals are adjusted to match the target speakers average pitch. To study effects of the amount of training on performance, data sets of varying sizes are created by automatically selecting subsets of all available diphones by a vector quantization method. In an objective evaluation, the proposed method is found to perform more reliably for small training sets than a previous approach. In perceptual tests, it was shown that nearly optimal spectral conversion performance was achieved, even with a small amount of training data. However, speech quality improved with increases in the training set size.},
	Annote = {Jointly modeling the source and target vectors with GMM},
	Author = {Kain, Alexander and Macon, Michael W.},
	Date-Added = {2009-08-21 14:04:07 +0200},
	Date-Modified = {2009-08-21 14:09:38 +0200},
	Journal = {IEEE International Conference on Acoustics, Speech and Signal Processing},
	Keywords = {Speech technology},
	Month = {May},
	Pages = {285--288},
	Title = {Spectral voice conversion for text-to-speech synthesis},
	Volume = {1},
	Year = {1998},
	Bdsk-File-1 = {YnBsaXN0MDDUAQIDBAUGCQpYJHZlcnNpb25UJHRvcFkkYXJjaGl2ZXJYJG9iamVjdHMSAAGGoNEHCFRyb290gAFfEA9OU0tleWVkQXJjaGl2ZXKoCwwXGBkdJCVVJG51bGzTDQ4PEBEUViRjbGFzc1dOUy5rZXlzWk5TLm9iamVjdHOAB6ISE4ACgAOiFRaABIAGWWFsaWFzRGF0YVxyZWxhdGl2ZVBhdGjSDRobHFdOUy5kYXRhgAVPEQI4AAAAAAI4AAIAAAxNYWNpbnRvc2ggSEQAAAAAAAAAAAAAAAAAAADDR0iWSCsAAAEOk6MfMTk5OCBTcGVjdHJhbCB2b2ljZSMxMEU5Mzg3LnBkZgAAAAAAAAAAAAAAAAAAAAAAAAAAAAAAAAAAAAAAAAAAAQ6Th8a0WfEAAAAAAAAAAAADAAMAAAkgAAAAAAAAAAAAAAAAAAAABEthaW4AEAAIAADDRyx2AAAAEQAIAADGtD3RAAAAAQAUAQ6TowEM4/MAC6eXAAungAAAeWcAAgBOTWFjaW50b3NoIEhEOlVzZXJzOlRlcmplOkRvY3VtZW50czpQYXBlcnM6S2FpbjoxOTk4IFNwZWN0cmFsIHZvaWNlIzEwRTkzODcucGRmAA4AgAA/ADEAOQA5ADgAIABTAHAAZQBjAHQAcgBhAGwAIAB2AG8AaQBjAGUAIABjAG8AbgB2AGUAcgBzAGkAbwBuACAAZgBvAHIAIAB0AGUAeAB0AC0AdABvAC0AcwBwAGUAZQBjAGgAIABzAHkAbgB0AGgAZQBzAGkAcwAuAHAAZABmAA8AGgAMAE0AYQBjAGkAbgB0AG8AcwBoACAASABEABIAYVVzZXJzL1RlcmplL0RvY3VtZW50cy9QYXBlcnMvS2Fpbi8xOTk4IFNwZWN0cmFsIHZvaWNlIGNvbnZlcnNpb24gZm9yIHRleHQtdG8tc3BlZWNoIHN5bnRoZXNpcy5wZGYAABMAAS8AABUAAgAM//8AANIeHyAhWCRjbGFzc2VzWiRjbGFzc25hbWWjISIjXU5TTXV0YWJsZURhdGFWTlNEYXRhWE5TT2JqZWN0XxBULi4vLi4vLi4vUGFwZXJzL0thaW4vMTk5OCBTcGVjdHJhbCB2b2ljZSBjb252ZXJzaW9uIGZvciB0ZXh0LXRvLXNwZWVjaCBzeW50aGVzaXMucGRm0h4fJieiJyNcTlNEaWN0aW9uYXJ5AAgAEQAaAB8AKQAyADcAOgA/AEEAUwBcAGIAaQBwAHgAgwCFAIgAigCMAI8AkQCTAJ0AqgCvALcAuQL1AvoDAwMOAxIDIAMnAzADhwOMA48AAAAAAAACAQAAAAAAAAAoAAAAAAAAAAAAAAAAAAADnA==}}

@article{stylianou98,
	Annote = {GMM},
	Author = {Stylianou, Yannis and Cappe, Olivier and Moulines, Eric},
	Date-Added = {2009-08-21 13:59:46 +0200},
	Date-Modified = {2009-09-02 14:35:02 +0200},
	Journal = {IEEE Transactions on Speech and Audio Processing},
	Keywords = {Speech technology},
	Month = {March},
	Number = {2},
	Pages = {131--142},
	Rating = {5},
	Read = {Yes},
	Title = {Continuous probabilistic transform for voice conversion},
	Volume = {6},
	Year = {1998},
	Bdsk-File-1 = {YnBsaXN0MDDUAQIDBAUGCQpYJHZlcnNpb25UJHRvcFkkYXJjaGl2ZXJYJG9iamVjdHMSAAGGoNEHCFRyb290gAFfEA9OU0tleWVkQXJjaGl2ZXKoCwwXGBkdJCVVJG51bGzTDQ4PEBEUViRjbGFzc1dOUy5rZXlzWk5TLm9iamVjdHOAB6ISE4ACgAOiFRaABIAGWWFsaWFzRGF0YVxyZWxhdGl2ZVBhdGjSDRobHFdOUy5kYXRhgAVPEQJMAAAAAAJMAAIAAAxNYWNpbnRvc2ggSEQAAAAAAAAAAAAAAAAAAADDR0iWSCsAAAEM5Z0fMTk5OCBDb250aW51b3VzIHBybyMxMEU5MkU1LnBkZgAAAAAAAAAAAAAAAAAAAAAAAAAAAAAAAAAAAAAAAAAAAQ6S5ca0WSEAAAAAAAAAAAADAAMAAAkgAAAAAAAAAAAAAAAAAAAACVN0eWxpYW5vdQAAEAAIAADDRyx2AAAAEQAIAADGtD0BAAAAAQAUAQzlnQEM4/MAC6eXAAungAAAeWcAAgBTTWFjaW50b3NoIEhEOlVzZXJzOlRlcmplOkRvY3VtZW50czpQYXBlcnM6U3R5bGlhbm91OjE5OTggQ29udGludW91cyBwcm8jMTBFOTJFNS5wZGYAAA4AggBAADEAOQA5ADgAIABDAG8AbgB0AGkAbgB1AG8AdQBzACAAcAByAG8AYgBhAGIAaQBsAGkAcwB0AGkAYwAgAHQAcgBhAG4AcwBmAG8AcgBtACAAZgBvAHIAIAB2AG8AaQBjAGUAIABjAG8AbgB2AGUAcgBzAGkAbwBuAC4AcABkAGYADwAaAAwATQBhAGMAaQBuAHQAbwBzAGgAIABIAEQAEgBnVXNlcnMvVGVyamUvRG9jdW1lbnRzL1BhcGVycy9TdHlsaWFub3UvMTk5OCBDb250aW51b3VzIHByb2JhYmlsaXN0aWMgdHJhbnNmb3JtIGZvciB2b2ljZSBjb252ZXJzaW9uLnBkZgAAEwABLwAAFQACAAz//wAA0h4fICFYJGNsYXNzZXNaJGNsYXNzbmFtZaMhIiNdTlNNdXRhYmxlRGF0YVZOU0RhdGFYTlNPYmplY3RfEFouLi8uLi8uLi9QYXBlcnMvU3R5bGlhbm91LzE5OTggQ29udGludW91cyBwcm9iYWJpbGlzdGljIHRyYW5zZm9ybSBmb3Igdm9pY2UgY29udmVyc2lvbi5wZGbSHh8mJ6InI1xOU0RpY3Rpb25hcnkACAARABoAHwApADIANwA6AD8AQQBTAFwAYgBpAHAAeACDAIUAiACKAIwAjwCRAJMAnQCqAK8AtwC5AwkDDgMXAyIDJgM0AzsDRAOhA6YDqQAAAAAAAAIBAAAAAAAAACgAAAAAAAAAAAAAAAAAAAO2}}

@article{iwahashi94,
	Author = {Iwahashi, N. and Sagisaka, Y.},
	Date-Added = {2009-08-20 16:35:14 +0200},
	Date-Modified = {2009-08-20 17:43:40 +0200},
	Journal = {IEEE International Conference on Acoustics, Speech, and Signal Processing},
	Keywords = {Speech technology},
	Month = {April},
	Title = {Speech spectrum transformation by speaker interpolation},
	Volume = {1},
	Year = {1994},
	Bdsk-File-1 = {YnBsaXN0MDDUAQIDBAUGCQpYJHZlcnNpb25UJHRvcFkkYXJjaGl2ZXJYJG9iamVjdHMSAAGGoNEHCFRyb290gAFfEA9OU0tleWVkQXJjaGl2ZXKoCwwXGBkdJCVVJG51bGzTDQ4PEBEUViRjbGFzc1dOUy5rZXlzWk5TLm9iamVjdHOAB6ISE4ACgAOiFRaABIAGWWFsaWFzRGF0YVxyZWxhdGl2ZVBhdGjSDRobHFdOUy5kYXRhgAVPEQJGAAAAAAJGAAIAAAxNYWNpbnRvc2ggSEQAAAAAAAAAAAAAAAAAAADDR0iWSCsAAAEOI4wfMTk5NCBTcGVlY2ggc3BlY3RydSMxMEUyMzc0LnBkZgAAAAAAAAAAAAAAAAAAAAAAAAAAAAAAAAAAAAAAAAAAAQ4jdMazLBAAAAAAAAAAAAADAAMAAAkgAAAAAAAAAAAAAAAAAAAACEl3YWhhc2hpABAACAAAw0csdgAAABEACAAAxrMP8AAAAAEAFAEOI4wBDOPzAAunlwALp4AAAHlnAAIAUk1hY2ludG9zaCBIRDpVc2VyczpUZXJqZTpEb2N1bWVudHM6UGFwZXJzOkl3YWhhc2hpOjE5OTQgU3BlZWNoIHNwZWN0cnUjMTBFMjM3NC5wZGYADgCCAEAAMQA5ADkANAAgAFMAcABlAGUAYwBoACAAcwBwAGUAYwB0AHIAdQBtACAAdAByAGEAbgBzAGYAbwByAG0AYQB0AGkAbwBuACAAYgB5ACAAcwBwAGUAYQBrAGUAcgAgAGkAbgB0AGUAcgBwAG8AbABhAHQAaQBvAG4ALgBwAGQAZgAPABoADABNAGEAYwBpAG4AdABvAHMAaAAgAEgARAASAGZVc2Vycy9UZXJqZS9Eb2N1bWVudHMvUGFwZXJzL0l3YWhhc2hpLzE5OTQgU3BlZWNoIHNwZWN0cnVtIHRyYW5zZm9ybWF0aW9uIGJ5IHNwZWFrZXIgaW50ZXJwb2xhdGlvbi5wZGYAEwABLwAAFQACAAz//wAA0h4fICFYJGNsYXNzZXNaJGNsYXNzbmFtZaMhIiNdTlNNdXRhYmxlRGF0YVZOU0RhdGFYTlNPYmplY3RfEFkuLi8uLi8uLi9QYXBlcnMvSXdhaGFzaGkvMTk5NCBTcGVlY2ggc3BlY3RydW0gdHJhbnNmb3JtYXRpb24gYnkgc3BlYWtlciBpbnRlcnBvbGF0aW9uLnBkZtIeHyYnoicjXE5TRGljdGlvbmFyeQAIABEAGgAfACkAMgA3ADoAPwBBAFMAXABiAGkAcAB4AIMAhQCIAIoAjACPAJEAkwCdAKoArwC3ALkDAwMIAxEDHAMgAy4DNQM+A5oDnwOiAAAAAAAAAgEAAAAAAAAAKAAAAAAAAAAAAAAAAAAAA68=}}

@article{kuwabara95,
	Author = {Kuwabara, Hisao and Sagisak, Yoshinori},
	Date-Added = {2009-08-20 16:31:32 +0200},
	Date-Modified = {2009-08-20 16:33:25 +0200},
	Journal = {Speech Communication},
	Keywords = {Speech technology},
	Number = {2},
	Pages = {165--173},
	Publisher = {Elsevier},
	Title = {Acoustic characteristics of speaker individuality: Control and conversion},
	Volume = {16},
	Year = {1995},
	Bdsk-File-1 = {YnBsaXN0MDDUAQIDBAUGCQpYJHZlcnNpb25UJHRvcFkkYXJjaGl2ZXJYJG9iamVjdHMSAAGGoNEHCFRyb290gAFfEA9OU0tleWVkQXJjaGl2ZXKoCwwXGBkdJCVVJG51bGzTDQ4PEBEUViRjbGFzc1dOUy5rZXlzWk5TLm9iamVjdHOAB6ISE4ACgAOiFRaABIAGWWFsaWFzRGF0YVxyZWxhdGl2ZVBhdGjSDRobHFdOUy5kYXRhgAVPEQJQAAAAAAJQAAIAAAxNYWNpbnRvc2ggSEQAAAAAAAAAAAAAAAAAAADDR0iWSCsAAAEOI0YfMTk5NSBBY291c3RpYyBjaGFyYSMxMEUyMzMxLnBkZgAAAAAAAAAAAAAAAAAAAAAAAAAAAAAAAAAAAAAAAAAAAQ4jMcazKyYAAAAAAAAAAAADAAMAAAkgAAAAAAAAAAAAAAAAAAAACEt1d2FiYXJhABAACAAAw0csdgAAABEACAAAxrMPBgAAAAEAFAEOI0YBDOPzAAunlwALp4AAAHlnAAIAUk1hY2ludG9zaCBIRDpVc2VyczpUZXJqZTpEb2N1bWVudHM6UGFwZXJzOkt1d2FiYXJhOjE5OTUgQWNvdXN0aWMgY2hhcmEjMTBFMjMzMS5wZGYADgCIAEMAMQA5ADkANQAgAEEAYwBvAHUAcwB0AGkAYwAgAGMAaABhAHIAYQBjAHQAZQByAGkAcwB0AGkAYwBzACAAbwBmACAAcwBwAGUAYQBrAGUAcgAgAGkAbgBkAGkAdgBpAGQAdQBhAGwAaQB0AHkALwAgAEMAbwBuAHQAcgBvAGwALgBwAGQAZgAPABoADABNAGEAYwBpAG4AdABvAHMAaAAgAEgARAASAGlVc2Vycy9UZXJqZS9Eb2N1bWVudHMvUGFwZXJzL0t1d2FiYXJhLzE5OTUgQWNvdXN0aWMgY2hhcmFjdGVyaXN0aWNzIG9mIHNwZWFrZXIgaW5kaXZpZHVhbGl0eTogQ29udHJvbC5wZGYAABMAAS8AABUAAgAM//8AANIeHyAhWCRjbGFzc2VzWiRjbGFzc25hbWWjISIjXU5TTXV0YWJsZURhdGFWTlNEYXRhWE5TT2JqZWN0XxBcLi4vLi4vLi4vUGFwZXJzL0t1d2FiYXJhLzE5OTUgQWNvdXN0aWMgY2hhcmFjdGVyaXN0aWNzIG9mIHNwZWFrZXIgaW5kaXZpZHVhbGl0eTogQ29udHJvbC5wZGbSHh8mJ6InI1xOU0RpY3Rpb25hcnkACAARABoAHwApADIANwA6AD8AQQBTAFwAYgBpAHAAeACDAIUAiACKAIwAjwCRAJMAnQCqAK8AtwC5Aw0DEgMbAyYDKgM4Az8DSAOnA6wDrwAAAAAAAAIBAAAAAAAAACgAAAAAAAAAAAAAAAAAAAO8}}

@article{abe88,
	Abstract = {The authors propose a new voice conversion technique through vector quantization and spectrum mapping. The basic idea of this technique is to make mapping codebooks which represent the correspondence between different speakers' codebooks. The mapping codebooks for spectrum parameters, power values and pitch frequencies are separately generated using training utterances. This technique makes it possible to precisely control voice individuality. To evaluate the performance of this technique, hearing tests are carried out on two kinds of voice conversions. One is a conversion between male and female speakers, the other is a conversion between male speakers. In the male-to-female conversion experiment, all converted utterances are judged as female, and in the male-to-male conversion, 65% of them are identified as the target speaker.},
	Author = {Abe, M. and Nakamura, S. and Shikano, K. and Kuwabara, H.},
	Date-Added = {2009-08-20 16:24:33 +0200},
	Date-Modified = {2009-08-20 17:44:23 +0200},
	Journal = {International Conference on Acoustics, Speech, and Signal Processing},
	Keywords = {Speech technology},
	Month = {April},
	Pages = {655--658},
	Title = {Voice conversion through vector quantization},
	Volume = {1},
	Year = {1988},
	Bdsk-File-1 = {YnBsaXN0MDDUAQIDBAUGCQpYJHZlcnNpb25UJHRvcFkkYXJjaGl2ZXJYJG9iamVjdHMSAAGGoNEHCFRyb290gAFfEA9OU0tleWVkQXJjaGl2ZXKoCwwXGBkdJCVVJG51bGzTDQ4PEBEUViRjbGFzc1dOUy5rZXlzWk5TLm9iamVjdHOAB6ISE4ACgAOiFRaABIAGWWFsaWFzRGF0YVxyZWxhdGl2ZVBhdGjSDRobHFdOUy5kYXRhgAVPEQIYAAAAAAIYAAIAAAxNYWNpbnRvc2ggSEQAAAAAAAAAAAAAAAAAAADDR0iWSCsAAAEOIk8fMTk4OCBWb2ljZSBjb252ZXJzaSMxMEUyMjNDLnBkZgAAAAAAAAAAAAAAAAAAAAAAAAAAAAAAAAAAAAAAAAAAAQ4iPMazKZMAAAAAAAAAAAADAAMAAAkgAAAAAAAAAAAAAAAAAAAAA0FiZQAAEAAIAADDRyx2AAAAEQAIAADGsw1zAAAAAQAUAQ4iTwEM4/MAC6eXAAungAAAeWcAAgBNTWFjaW50b3NoIEhEOlVzZXJzOlRlcmplOkRvY3VtZW50czpQYXBlcnM6QWJlOjE5ODggVm9pY2UgY29udmVyc2kjMTBFMjIzQy5wZGYAAA4AbAA1ADEAOQA4ADgAIABWAG8AaQBjAGUAIABjAG8AbgB2AGUAcgBzAGkAbwBuACAAdABoAHIAbwB1AGcAaAAgAHYAZQBjAHQAbwByACAAcQB1AGEAbgB0AGkAegBhAHQAaQBvAG4ALgBwAGQAZgAPABoADABNAGEAYwBpAG4AdABvAHMAaAAgAEgARAASAFZVc2Vycy9UZXJqZS9Eb2N1bWVudHMvUGFwZXJzL0FiZS8xOTg4IFZvaWNlIGNvbnZlcnNpb24gdGhyb3VnaCB2ZWN0b3IgcXVhbnRpemF0aW9uLnBkZgATAAEvAAAVAAIADP//AADSHh8gIVgkY2xhc3Nlc1okY2xhc3NuYW1loyEiI11OU011dGFibGVEYXRhVk5TRGF0YVhOU09iamVjdF8QSS4uLy4uLy4uL1BhcGVycy9BYmUvMTk4OCBWb2ljZSBjb252ZXJzaW9uIHRocm91Z2ggdmVjdG9yIHF1YW50aXphdGlvbi5wZGbSHh8mJ6InI1xOU0RpY3Rpb25hcnkACAARABoAHwApADIANwA6AD8AQQBTAFwAYgBpAHAAeACDAIUAiACKAIwAjwCRAJMAnQCqAK8AtwC5AtUC2gLjAu4C8gMAAwcDEANcA2EDZAAAAAAAAAIBAAAAAAAAACgAAAAAAAAAAAAAAAAAAANx}}

@article{atal82,
	Abstract = {The excitation for LPC speech synthesis usually consists of two separate signals - a delta-function pulse once every pitch period for voiced speech and white noise for unvoiced speech. This manner of representing excitation requires that speech segments be classified accurately into voiced and unvoiced categories and the pitch period of voiced segments be known. It is now well recognized that such a rigid idealization of the vocal excitation is often responsible for the unnatural quality associated with synthesized speech. This paper describes a new approach to the excitation problem that does not require a priori knowledge of either the voiced-unvoiced decision or the pitch period. All classes of sounds are generated by exciting the LPC filter with a sequence of pulses; the amplitudes and locations of the pulses are determined using a non-iterative analysis-by-synthesis procedure. This procedure minimizes a perceptual-distance metric representing subjectively-important differences between the waveforms of the original and the synthetic speech signals. The distance metric takes account of the finite-frequency resolution as well as the differential sensitivity of the human ear to errors in the formant and inter-formant regions of the speech spectrum.},
	Author = {Bishnu S. Atal and Joel R. Remde},
	Date-Added = {2009-08-20 15:43:53 +0200},
	Date-Modified = {2009-08-20 17:44:00 +0200},
	Journal = {IEEE International Conference on Acoustics, Speech, and Signal Processing},
	Keywords = {Speech technology},
	Month = {May},
	Pages = {614--617},
	Title = {A new model of LPC excitation for producing natural-sounding speech at low bit rates},
	Volume = {7},
	Year = {1982},
	Bdsk-File-1 = {YnBsaXN0MDDUAQIDBAUGCQpYJHZlcnNpb25UJHRvcFkkYXJjaGl2ZXJYJG9iamVjdHMSAAGGoNEHCFRyb290gAFfEA9OU0tleWVkQXJjaGl2ZXKoCwwXGBkdJCVVJG51bGzTDQ4PEBEUViRjbGFzc1dOUy5rZXlzWk5TLm9iamVjdHOAB6ISE4ACgAOiFRaABIAGWWFsaWFzRGF0YVxyZWxhdGl2ZVBhdGjSDRobHFdOUy5kYXRhgAVPEQJeAAAAAAJeAAIAAAxNYWNpbnRvc2ggSEQAAAAAAAAAAAAAAAAAAADDR0iWSCsAAAEOHmEfMTk4MiBBIG5ldyBtb2RlbCBvZiMxMEUxRTJGLnBkZgAAAAAAAAAAAAAAAAAAAAAAAAAAAAAAAAAAAAAAAAAAAQ4eL8azH5YAAAAAAAAAAAADAAMAAAkgAAAAAAAAAAAAAAAAAAAABEF0YWwAEAAIAADDRyx2AAAAEQAIAADGswN2AAAAAQAUAQ4eYQEM4/MAC6eXAAungAAAeWcAAgBOTWFjaW50b3NoIEhEOlVzZXJzOlRlcmplOkRvY3VtZW50czpQYXBlcnM6QXRhbDoxOTgyIEEgbmV3IG1vZGVsIG9mIzEwRTFFMkYucGRmAA4AmgBMADEAOQA4ADIAIABBACAAbgBlAHcAIABtAG8AZABlAGwAIABvAGYAIABMAFAAQwAgAGUAeABjAGkAdABhAHQAaQBvAG4AIABmAG8AcgAgAHAAcgBvAGQAdQBjAGkAbgBnACAAbgBhAHQAdQByAGEAbAAtAHMAbwB1AG4AZABpAG4AZwAgAHMAcABlAGUAYwBoAC4AcABkAGYADwAaAAwATQBhAGMAaQBuAHQAbwBzAGgAIABIAEQAEgBuVXNlcnMvVGVyamUvRG9jdW1lbnRzL1BhcGVycy9BdGFsLzE5ODIgQSBuZXcgbW9kZWwgb2YgTFBDIGV4Y2l0YXRpb24gZm9yIHByb2R1Y2luZyBuYXR1cmFsLXNvdW5kaW5nIHNwZWVjaC5wZGYAEwABLwAAFQACAAz//wAA0h4fICFYJGNsYXNzZXNaJGNsYXNzbmFtZaMhIiNdTlNNdXRhYmxlRGF0YVZOU0RhdGFYTlNPYmplY3RfEGEuLi8uLi8uLi9QYXBlcnMvQXRhbC8xOTgyIEEgbmV3IG1vZGVsIG9mIExQQyBleGNpdGF0aW9uIGZvciBwcm9kdWNpbmcgbmF0dXJhbC1zb3VuZGluZyBzcGVlY2gucGRm0h4fJieiJyNcTlNEaWN0aW9uYXJ5AAgAEQAaAB8AKQAyADcAOgA/AEEAUwBcAGIAaQBwAHgAgwCFAIgAigCMAI8AkQCTAJ0AqgCvALcAuQMbAyADKQM0AzgDRgNNA1YDugO/A8IAAAAAAAACAQAAAAAAAAAoAAAAAAAAAAAAAAAAAAADzw==}}

@article{schroeder85,
	Abstract = {We describe in this paper a code-excited linear predictive coder in which the optimum innovation sequence is selected from a code book of stored sequences to optimize a given fidelity criterion. Each sample of the innovation sequence is filtered sequentially through two time-varying linear recursive filters, one with a long-delay (related to pitch period) predictor in the feedback loop and the other with a short-delay predictor (related to spectral envelope) in the feedback loop. We code speech, sampled at 8 kHz, in blocks of 5-msec duration. Each block consisting of 40 samples is produced from one of 1024 possible innovation sequences. The bit rate for the innovation sequence is thus 1/4 bit per sample. We compare in this paper several different random and deterministic code books for their effectiveness in providing the optimum innovation sequence in each block. Our results indicate that a random code book has a slight speech quality advantage at low bit rates. Examples of speech produced by the above method will be played at the conference.},
	Author = {Manfred R. Schroeder and Bishnu S. Atal},
	Date-Added = {2009-08-20 15:26:11 +0200},
	Date-Modified = {2009-08-20 17:43:34 +0200},
	Journal = {IEEE International Conference on Acoustics, Speech, and Signal Processing},
	Keywords = {Speech technology},
	Month = {April},
	Pages = {937--940},
	Title = {Code-excited linear prediction (CELP): High-quality speech at very low bit rates},
	Volume = {10},
	Year = {1985},
	Bdsk-File-1 = {YnBsaXN0MDDUAQIDBAUGCQpYJHZlcnNpb25UJHRvcFkkYXJjaGl2ZXJYJG9iamVjdHMSAAGGoNEHCFRyb290gAFfEA9OU0tleWVkQXJjaGl2ZXKoCwwXGBkdJCVVJG51bGzTDQ4PEBEUViRjbGFzc1dOUy5rZXlzWk5TLm9iamVjdHOAB6ISE4ACgAOiFRaABIAGWWFsaWFzRGF0YVxyZWxhdGl2ZVBhdGjSDRobHFdOUy5kYXRhgAVPEQJAAAAAAAJAAAIAAAxNYWNpbnRvc2ggSEQAAAAAAAAAAAAAAAAAAADDR0iWSCsAAAEOHQUfMTk4NSBDb2RlLWV4Y2l0ZWQgbCMxMEUxNjc4LnBkZgAAAAAAAAAAAAAAAAAAAAAAAAAAAAAAAAAAAAAAAAAAAQ4WeMazGu8AAAAAAAAAAAADAAMAAAkgAAAAAAAAAAAAAAAAAAAACVNjaHJvZWRlcgAAEAAIAADDRyx2AAAAEQAIAADGsv7PAAAAAQAUAQ4dBQEM4/MAC6eXAAungAAAeWcAAgBTTWFjaW50b3NoIEhEOlVzZXJzOlRlcmplOkRvY3VtZW50czpQYXBlcnM6U2Nocm9lZGVyOjE5ODUgQ29kZS1leGNpdGVkIGwjMTBFMTY3OC5wZGYAAA4AegA8ADEAOQA4ADUAIABDAG8AZABlAC0AZQB4AGMAaQB0AGUAZAAgAGwAaQBuAGUAYQByACAAcAByAGUAZABpAGMAdABpAG8AbgAgACgAQwBFAEwAUAApAC8AIABIAGkAZwBoAC0AcQB1AGEAbABpAHQAeQAuAHAAZABmAA8AGgAMAE0AYQBjAGkAbgB0AG8AcwBoACAASABEABIAY1VzZXJzL1RlcmplL0RvY3VtZW50cy9QYXBlcnMvU2Nocm9lZGVyLzE5ODUgQ29kZS1leGNpdGVkIGxpbmVhciBwcmVkaWN0aW9uIChDRUxQKTogSGlnaC1xdWFsaXR5LnBkZgAAEwABLwAAFQACAAz//wAA0h4fICFYJGNsYXNzZXNaJGNsYXNzbmFtZaMhIiNdTlNNdXRhYmxlRGF0YVZOU0RhdGFYTlNPYmplY3RfEFYuLi8uLi8uLi9QYXBlcnMvU2Nocm9lZGVyLzE5ODUgQ29kZS1leGNpdGVkIGxpbmVhciBwcmVkaWN0aW9uIChDRUxQKTogSGlnaC1xdWFsaXR5LnBkZtIeHyYnoicjXE5TRGljdGlvbmFyeQAIABEAGgAfACkAMgA3ADoAPwBBAFMAXABiAGkAcAB4AIMAhQCIAIoAjACPAJEAkwCdAKoArwC3ALkC/QMCAwsDFgMaAygDLwM4A5EDlgOZAAAAAAAAAgEAAAAAAAAAKAAAAAAAAAAAAAAAAAAAA6Y=}}

@phdthesis{gajic02,
	Author = {Bojana Gajic},
	Date-Added = {2009-08-19 15:17:31 +0200},
	Date-Modified = {2009-08-19 15:19:03 +0200},
	Keywords = {Speech technology},
	School = {Norwegian University of Science and Technology},
	Title = {Feature Extraction for Automatic Speech Recognition in Noisy Acoustic Environments},
	Year = {2002},
	Bdsk-File-1 = {YnBsaXN0MDDUAQIDBAUGCQpYJHZlcnNpb25UJHRvcFkkYXJjaGl2ZXJYJG9iamVjdHMSAAGGoNEHCFRyb290gAFfEA9OU0tleWVkQXJjaGl2ZXKoCwwXGBkdJCVVJG51bGzTDQ4PEBEUViRjbGFzc1dOUy5rZXlzWk5TLm9iamVjdHOAB6ISE4ACgAOiFRaABIAGWWFsaWFzRGF0YVxyZWxhdGl2ZVBhdGjSDRobHFdOUy5kYXRhgAVPEQI0AAAAAAI0AAIAAAxNYWNpbnRvc2ggSEQAAAAAAAAAAAAAAAAAAADDR0iWSCsAAAEM5AEfMjAwMiBGZWF0dXJlIEV4dHJhYyMxMDg3OUYyLnBkZgAAAAAAAAAAAAAAAAAAAAAAAAAAAAAAAAAAAAAAAAAAAQh58sahKg4AAAAAAAAAAAADAAMAAAkgAAAAAAAAAAAAAAAAAAAABUdhamljAAAQAAgAAMNHLHYAAAARAAgAAMahDe4AAAABABQBDOQBAQzj8wALp5cAC6eAAAB5ZwACAE9NYWNpbnRvc2ggSEQ6VXNlcnM6VGVyamU6RG9jdW1lbnRzOlBhcGVyczpHYWppYzoyMDAyIEZlYXR1cmUgRXh0cmFjIzEwODc5RjIucGRmAAAOAHoAPAAyADAAMAAyACAARgBlAGEAdAB1AHIAZQAgAEUAeAB0AHIAYQBjAHQAaQBvAG4AIABmAG8AcgAgAEEAdQB0AG8AbQBhAHQAaQBjACAAUwBwAGUAZQBjAGgAIABSAGUAYwBvAGcAbgBpAHQAaQBvAG4ALgBwAGQAZgAPABoADABNAGEAYwBpAG4AdABvAHMAaAAgAEgARAASAF9Vc2Vycy9UZXJqZS9Eb2N1bWVudHMvUGFwZXJzL0dhamljLzIwMDIgRmVhdHVyZSBFeHRyYWN0aW9uIGZvciBBdXRvbWF0aWMgU3BlZWNoIFJlY29nbml0aW9uLnBkZgAAEwABLwAAFQACAAz//wAA0h4fICFYJGNsYXNzZXNaJGNsYXNzbmFtZaMhIiNdTlNNdXRhYmxlRGF0YVZOU0RhdGFYTlNPYmplY3RfEFIuLi8uLi8uLi9QYXBlcnMvR2FqaWMvMjAwMiBGZWF0dXJlIEV4dHJhY3Rpb24gZm9yIEF1dG9tYXRpYyBTcGVlY2ggUmVjb2duaXRpb24ucGRm0h4fJieiJyNcTlNEaWN0aW9uYXJ5AAgAEQAaAB8AKQAyADcAOgA/AEEAUwBcAGIAaQBwAHgAgwCFAIgAigCMAI8AkQCTAJ0AqgCvALcAuQLxAvYC/wMKAw4DHAMjAywDgQOGA4kAAAAAAAACAQAAAAAAAAAoAAAAAAAAAAAAAAAAAAADlg==}}

@article{perkis01a,
	Author = {Andrew Perkis and Yousri Abdeljaoued and Charilaos Christopoulos and Touradj Ebrahimi and Joe F. Chicharo},
	Date-Added = {2009-08-18 22:27:33 +0200},
	Date-Modified = {2009-08-20 15:54:10 +0200},
	Journal = {Circuits Systems Signal Processing},
	Keywords = {Multimedia},
	Number = {3},
	Pages = {387--402},
	Read = {Yes},
	Title = {Universal Multimedia Access From Wired and Wireless Systems},
	Volume = {20},
	Year = {2001},
	Bdsk-File-1 = {YnBsaXN0MDDUAQIDBAUGCQpYJHZlcnNpb25UJHRvcFkkYXJjaGl2ZXJYJG9iamVjdHMSAAGGoNEHCFRyb290gAFfEA9OU0tleWVkQXJjaGl2ZXKoCwwXGBkdJCVVJG51bGzTDQ4PEBEUViRjbGFzc1dOUy5rZXlzWk5TLm9iamVjdHOAB6ISE4ACgAOiFRaABIAGWWFsaWFzRGF0YVxyZWxhdGl2ZVBhdGjSDRobHFdOUy5kYXRhgAVPEQIOAAAAAAIOAAIAAAxNYWNpbnRvc2ggSEQAAAAAAAAAAAAAAAAAAADDR0iWSCsAAAEM6bwfMjAwMSBVbml2ZXJzYWwgTXVsdGkjMjgwNzk1LnBkZgAAAAAAAAAAAAAAAAAAAAAAAAAAAAAAAAAAAAAAAAAAACgHlcPfNPEAAAAAAAAAAAADAAMAAAkgAAAAAAAAAAAAAAAAAAAABlBlcmtpcwAQAAgAAMNHLHYAAAARAAgAAMPfJuEAAAABABQBDOm8AQzj8wALp5cAC6eAAAB5ZwACAFBNYWNpbnRvc2ggSEQ6VXNlcnM6VGVyamU6RG9jdW1lbnRzOlBhcGVyczpQZXJraXM6MjAwMSBVbml2ZXJzYWwgTXVsdGkjMjgwNzk1LnBkZgAOAGAALwAyADAAMAAxACAAVQBuAGkAdgBlAHIAcwBhAGwAIABNAHUAbAB0AGkAbQBlAGQAaQBhACAAQQBjAGMAZQBzAHMAIABGAHIAbwBtACAAVwBpAHIAZQBkAC4AcABkAGYADwAaAAwATQBhAGMAaQBuAHQAbwBzAGgAIABIAEQAEgBTVXNlcnMvVGVyamUvRG9jdW1lbnRzL1BhcGVycy9QZXJraXMvMjAwMSBVbml2ZXJzYWwgTXVsdGltZWRpYSBBY2Nlc3MgRnJvbSBXaXJlZC5wZGYAABMAAS8AABUAAgAM//8AANIeHyAhWCRjbGFzc2VzWiRjbGFzc25hbWWjISIjXU5TTXV0YWJsZURhdGFWTlNEYXRhWE5TT2JqZWN0XxBGLi4vLi4vLi4vUGFwZXJzL1Blcmtpcy8yMDAxIFVuaXZlcnNhbCBNdWx0aW1lZGlhIEFjY2VzcyBGcm9tIFdpcmVkLnBkZtIeHyYnoicjXE5TRGljdGlvbmFyeQAIABEAGgAfACkAMgA3ADoAPwBBAFMAXABiAGkAcAB4AIMAhQCIAIoAjACPAJEAkwCdAKoArwC3ALkCywLQAtkC5ALoAvYC/QMGA08DVANXAAAAAAAAAgEAAAAAAAAAKAAAAAAAAAAAAAAAAAAAA2Q=}}

@article{wiegand03,
	Author = {Thomas Wiegand and Gary J. Sullivan and Gisle Bj{\o}ntegaard and Ajay Luthra},
	Date-Added = {2009-08-18 22:24:33 +0200},
	Date-Modified = {2009-08-20 15:54:19 +0200},
	Journal = {IEEE Transactions On Circuits and Systems for Video Technology},
	Keywords = {Multimedia},
	Month = {July},
	Number = {7},
	Pages = {560--576},
	Read = {Yes},
	Title = {Overview of the H.264/AVC Video Coding Standard},
	Volume = {13},
	Year = {2003},
	Bdsk-File-1 = {YnBsaXN0MDDUAQIDBAUGCQpYJHZlcnNpb25UJHRvcFkkYXJjaGl2ZXJYJG9iamVjdHMSAAGGoNEHCFRyb290gAFfEA9OU0tleWVkQXJjaGl2ZXKoCwwXGBkdJCVVJG51bGzTDQ4PEBEUViRjbGFzc1dOUy5rZXlzWk5TLm9iamVjdHOAB6ISE4ACgAOiFRaABIAGWWFsaWFzRGF0YVxyZWxhdGl2ZVBhdGjSDRobHFdOUy5kYXRhgAVPEQIuAAAAAAIuAAIAAAxNYWNpbnRvc2ggSEQAAAAAAAAAAAAAAAAAAADDR0iWSCsAAAEM6nsfMjAwMyBPdmVydmlldyBvZiB0aGUjMkUzQzAwLnBkZgAAAAAAAAAAAAAAAAAAAAAAAAAAAAAAAAAAAAAAAAAAAC48ALx0pfgAAAAAAAAAAAADAAMAAAkgAAAAAAAAAAAAAAAAAAAAB1dpZWdhbmQAABAACAAAw0csdgAAABEACAAAvHSX6AAAAAEAFAEM6nsBDOPzAAunlwALp4AAAHlnAAIAUU1hY2ludG9zaCBIRDpVc2VyczpUZXJqZTpEb2N1bWVudHM6UGFwZXJzOldpZWdhbmQ6MjAwMyBPdmVydmlldyBvZiB0aGUjMkUzQzAwLnBkZgAADgByADgAMgAwADAAMwAgAE8AdgBlAHIAdgBpAGUAdwAgAG8AZgAgAHQAaABlACAASAAuADIANgA0AC0AQQBWAEMAIABWAGkAZABlAG8AIABDAG8AZABpAG4AZwAgAFMAdABhAG4AZABhAHIAZAAuAHAAZABmAA8AGgAMAE0AYQBjAGkAbgB0AG8AcwBoACAASABEABIAXVVzZXJzL1RlcmplL0RvY3VtZW50cy9QYXBlcnMvV2llZ2FuZC8yMDAzIE92ZXJ2aWV3IG9mIHRoZSBILjI2NC1BVkMgVmlkZW8gQ29kaW5nIFN0YW5kYXJkLnBkZgAAEwABLwAAFQACAAz//wAA0h4fICFYJGNsYXNzZXNaJGNsYXNzbmFtZaMhIiNdTlNNdXRhYmxlRGF0YVZOU0RhdGFYTlNPYmplY3RfEFAuLi8uLi8uLi9QYXBlcnMvV2llZ2FuZC8yMDAzIE92ZXJ2aWV3IG9mIHRoZSBILjI2NC1BVkMgVmlkZW8gQ29kaW5nIFN0YW5kYXJkLnBkZtIeHyYnoicjXE5TRGljdGlvbmFyeQAIABEAGgAfACkAMgA3ADoAPwBBAFMAXABiAGkAcAB4AIMAhQCIAIoAjACPAJEAkwCdAKoArwC3ALkC6wLwAvkDBAMIAxYDHQMmA3kDfgOBAAAAAAAAAgEAAAAAAAAAKAAAAAAAAAAAAAAAAAAAA44=}}

@article{gomila03,
	Author = {Cristina Gomila and Peng Yin},
	Date-Added = {2009-08-18 22:21:41 +0200},
	Date-Modified = {2009-08-20 15:54:15 +0200},
	Journal = {Thomson Inc. Corporate Research},
	Keywords = {Multimedia},
	Read = {Yes},
	Title = {New Features and Applications of the H.264 Video Coding Standard},
	Year = {2003},
	Bdsk-File-1 = {YnBsaXN0MDDUAQIDBAUGCQpYJHZlcnNpb25UJHRvcFkkYXJjaGl2ZXJYJG9iamVjdHMSAAGGoNEHCFRyb290gAFfEA9OU0tleWVkQXJjaGl2ZXKoCwwXGBkdJCVVJG51bGzTDQ4PEBEUViRjbGFzc1dOUy5rZXlzWk5TLm9iamVjdHOAB6ISE4ACgAOiFRaABIAGWWFsaWFzRGF0YVxyZWxhdGl2ZVBhdGjSDRobHFdOUy5kYXRhgAVPEQJAAAAAAAJAAAIAAAxNYWNpbnRvc2ggSEQAAAAAAAAAAAAAAAAAAADDR0iWSCsAAAEM6iIfMjAwMyBOZXcgRmVhdHVyZXMgYW4jMkUzQkZGLnBkZgAAAAAAAAAAAAAAAAAAAAAAAAAAAAAAAAAAAAAAAAAAAC47/7yCNdoAAAAAAAAAAAADAAMAAAkgAAAAAAAAAAAAAAAAAAAABkNvbWlsYQAQAAgAAMNHLHYAAAARAAgAALyCJ8oAAAABABQBDOoiAQzj8wALp5cAC6eAAAB5ZwACAFBNYWNpbnRvc2ggSEQ6VXNlcnM6VGVyamU6RG9jdW1lbnRzOlBhcGVyczpDb21pbGE6MjAwMyBOZXcgRmVhdHVyZXMgYW4jMkUzQkZGLnBkZgAOAIIAQAAyADAAMAAzACAATgBlAHcAIABGAGUAYQB0AHUAcgBlAHMAIABhAG4AZAAgAEEAcABwAGwAaQBjAGEAdABpAG8AbgBzACAAbwBmACAAdABoAGUAIABIAC4AMgA2ADQAIABWAGkAZABlAG8AIABDAG8AZABpAG4AZwAuAHAAZABmAA8AGgAMAE0AYQBjAGkAbgB0AG8AcwBoACAASABEABIAZFVzZXJzL1RlcmplL0RvY3VtZW50cy9QYXBlcnMvQ29taWxhLzIwMDMgTmV3IEZlYXR1cmVzIGFuZCBBcHBsaWNhdGlvbnMgb2YgdGhlIEguMjY0IFZpZGVvIENvZGluZy5wZGYAEwABLwAAFQACAAz//wAA0h4fICFYJGNsYXNzZXNaJGNsYXNzbmFtZaMhIiNdTlNNdXRhYmxlRGF0YVZOU0RhdGFYTlNPYmplY3RfEFcuLi8uLi8uLi9QYXBlcnMvQ29taWxhLzIwMDMgTmV3IEZlYXR1cmVzIGFuZCBBcHBsaWNhdGlvbnMgb2YgdGhlIEguMjY0IFZpZGVvIENvZGluZy5wZGbSHh8mJ6InI1xOU0RpY3Rpb25hcnkACAARABoAHwApADIANwA6AD8AQQBTAFwAYgBpAHAAeACDAIUAiACKAIwAjwCRAJMAnQCqAK8AtwC5Av0DAgMLAxYDGgMoAy8DOAOSA5cDmgAAAAAAAAIBAAAAAAAAACgAAAAAAAAAAAAAAAAAAAOn}}

@article{perkis01,
	Author = {Andrew Perkis},
	Date-Added = {2009-08-18 22:17:31 +0200},
	Date-Modified = {2009-08-20 15:54:09 +0200},
	Journal = {Circuits Systems Signal Processing},
	Keywords = {Multimedia},
	Number = {3},
	Pages = {415--445},
	Read = {Yes},
	Title = {On The Importance of Error Resilience in Visual Communications Over Noisy Channels},
	Volume = {20},
	Year = {2001},
	Bdsk-File-1 = {YnBsaXN0MDDUAQIDBAUGCQpYJHZlcnNpb25UJHRvcFkkYXJjaGl2ZXJYJG9iamVjdHMSAAGGoNEHCFRyb290gAFfEA9OU0tleWVkQXJjaGl2ZXKoCwwXGBkdJCVVJG51bGzTDQ4PEBEUViRjbGFzc1dOUy5rZXlzWk5TLm9iamVjdHOAB6ISE4ACgAOiFRaABIAGWWFsaWFzRGF0YVxyZWxhdGl2ZVBhdGjSDRobHFdOUy5kYXRhgAVPEQJWAAAAAAJWAAIAAAxNYWNpbnRvc2ggSEQAAAAAAAAAAAAAAAAAAADDR0iWSCsAAAEM6bwfMjAwMSBPbiBUaGUgSW1wb3J0YW4jMjgwN0YyLnBkZgAAAAAAAAAAAAAAAAAAAAAAAAAAAAAAAAAAAAAAAAAAACgH8sPfNXMAAAAAAAAAAAADAAMAAAkgAAAAAAAAAAAAAAAAAAAABlBlcmtpcwAQAAgAAMNHLHYAAAARAAgAAMPfJ2MAAAABABQBDOm8AQzj8wALp5cAC6eAAAB5ZwACAFBNYWNpbnRvc2ggSEQ6VXNlcnM6VGVyamU6RG9jdW1lbnRzOlBhcGVyczpQZXJraXM6MjAwMSBPbiBUaGUgSW1wb3J0YW4jMjgwN0YyLnBkZgAOAJAARwAyADAAMAAxACAATwBuACAAVABoAGUAIABJAG0AcABvAHIAdABhAG4AYwBlACAAbwBmACAARQByAHIAbwByACAAUgBlAHMAaQBsAGkAZQBuAGMAZQAgAGkAbgAgAFYAaQBzAHUAYQBsACAAQwBvAG0AbQB1AG4AaQBjAGEAdABpAG8AbgBzAC4AcABkAGYADwAaAAwATQBhAGMAaQBuAHQAbwBzAGgAIABIAEQAEgBrVXNlcnMvVGVyamUvRG9jdW1lbnRzL1BhcGVycy9QZXJraXMvMjAwMSBPbiBUaGUgSW1wb3J0YW5jZSBvZiBFcnJvciBSZXNpbGllbmNlIGluIFZpc3VhbCBDb21tdW5pY2F0aW9ucy5wZGYAABMAAS8AABUAAgAM//8AANIeHyAhWCRjbGFzc2VzWiRjbGFzc25hbWWjISIjXU5TTXV0YWJsZURhdGFWTlNEYXRhWE5TT2JqZWN0XxBeLi4vLi4vLi4vUGFwZXJzL1Blcmtpcy8yMDAxIE9uIFRoZSBJbXBvcnRhbmNlIG9mIEVycm9yIFJlc2lsaWVuY2UgaW4gVmlzdWFsIENvbW11bmljYXRpb25zLnBkZtIeHyYnoicjXE5TRGljdGlvbmFyeQAIABEAGgAfACkAMgA3ADoAPwBBAFMAXABiAGkAcAB4AIMAhQCIAIoAjACPAJEAkwCdAKoArwC3ALkDEwMYAyEDLAMwAz4DRQNOA68DtAO3AAAAAAAAAgEAAAAAAAAAKAAAAAAAAAAAAAAAAAAAA8Q=}}

@book{satkom,
	Author = {Pratt, Timothy and Bostian, Charles and Allnutt, Jeremy},
	Date-Added = {2009-02-23 12:33:56 +0100},
	Date-Modified = {2009-08-20 15:54:16 +0200},
	Edition = {Second},
	Keywords = {Communication Theory},
	Publisher = {John Wiley \& Sons},
	Read = {Yes},
	Title = {Satellite Communications},
	Year = {2003}}

@book{taletek,
	Address = {New Jersey},
	Author = {Xuedong Huang and Alex Acero and Hsiao-Wuen Hon},
	Date-Added = {2009-02-23 12:28:52 +0100},
	Date-Modified = {2009-08-18 22:52:12 +0200},
	Editor = {Jane Bonnell},
	Keywords = {Speech technology},
	Publisher = {Prentice Hall PTR},
	Read = {Yes},
	Title = {Spoken Language Processing},
	Year = {2001}}

@book{diskmatte,
	Author = {Rose, Kenneth H.},
	Date-Added = {2008-10-04 14:57:57 +0200},
	Date-Modified = {2009-08-18 22:30:51 +0200},
	Edition = {fifth},
	Keywords = {Mathematics},
	Publisher = {McGRAW-HILL},
	Read = {Yes},
	Title = {Discrete Mathematics and Its Applications},
	Year = {2003}}

@book{infoteori,
	Author = {MacKay, David J. C.},
	Date-Added = {2008-10-03 10:41:27 +0200},
	Date-Modified = {2008-10-03 10:43:34 +0200},
	Keywords = {Information Theory},
	Publisher = {Cambridge},
	Read = {Yes},
	Title = {Information Theory, Inference, and Learning Algorithms},
	Year = {2003}}

@book{digkom,
	Author = {Barry, John R. and Lee, Edward A. and Messerschmitt, David G.},
	Date-Added = {2008-10-03 10:30:29 +0200},
	Date-Modified = {2009-08-18 22:30:38 +0200},
	Edition = {third},
	Keywords = {Communication Theory},
	Publisher = {Springer},
	Read = {Yes},
	Title = {Digital Communication},
	Year = {2004}}

@book{infosig,
	Author = {Ramstad, Tor A.},
	Date-Added = {2008-04-18 08:47:56 +0200},
	Date-Modified = {2009-08-18 22:31:03 +0200},
	Edition = {5th},
	Keywords = {Signal processing},
	Month = {December},
	Publisher = {NTNU},
	Read = {Yes},
	Title = {Representing Information by Signals},
	Year = {2005}}

@article{anvendt,
	Author = {Johnsen, Magne H.},
	Date-Added = {2008-04-17 17:05:14 +0200},
	Date-Modified = {2009-08-18 22:31:03 +0200},
	Journal = {Course material},
	Keywords = {Signal processing},
	Month = {January},
	Note = {\url{http://www.iet.ntnu.no/courses/ttt4225/lecture/talekommunikasjon.pdf}},
	Read = {Yes},
	Title = {Applied Signal Processing},
	Year = {2007}}

@article{jpeg2000paper,
	Author = {Christopoulos, Charilaos and Skodras, Athanassios and Ebrahimi, Touradj},
	Date-Added = {2008-02-20 12:31:31 +0100},
	Date-Modified = {2009-08-18 22:30:12 +0200},
	Journal = {IEEE Transactions on Consumer Electronics},
	Keywords = {Multimedia},
	Month = {November},
	Number = {4},
	Read = {Yes},
	Title = {The JPEG2000 still image coding system: An overview},
	Volume = {46},
	Year = {2000},
	Bdsk-File-1 = {YnBsaXN0MDDUAQIDBAUGCQpYJHZlcnNpb25UJHRvcFkkYXJjaGl2ZXJYJG9iamVjdHMSAAGGoNEHCFRyb290gAFfEA9OU0tleWVkQXJjaGl2ZXKoCwwXGBkdJCVVJG51bGzTDQ4PEBEUViRjbGFzc1dOUy5rZXlzWk5TLm9iamVjdHOAB6ISE4ACgAOiFRaABIAGWWFsaWFzRGF0YVxyZWxhdGl2ZVBhdGjSDRobHFdOUy5kYXRhgAVPEQIoAAAAAAIoAAIAAAxNYWNpbnRvc2ggSEQAAAAAAAAAAAAAAAAAAADDR0iWSCsAAAEM6TgfMjAwMCBUaGUgSlBFRzIwMDAgc3QjMjZDOTY1LnBkZgAAAAAAAAAAAAAAAAAAAAAAAAAAAAAAAAAAAAAAAAAAACbJZbw9Ut4AAAAAAAAAAAADAAMAAAkgAAAAAAAAAAAAAAAAAAAADUNocmlzdG9wb3Vsb3MAABAACAAAw0csdgAAABEACAAAvD1EzgAAAAEAFAEM6TgBDOPzAAunlwALp4AAAHlnAAIAV01hY2ludG9zaCBIRDpVc2VyczpUZXJqZTpEb2N1bWVudHM6UGFwZXJzOkNocmlzdG9wb3Vsb3M6MjAwMCBUaGUgSlBFRzIwMDAgc3QjMjZDOTY1LnBkZgAADgBiADAAMgAwADAAMAAgAFQAaABlACAASgBQAEUARwAyADAAMAAwACAAcwB0AGkAbABsACAAaQBtAGEAZwBlACAAYwBvAGQAaQBuAGcAIABzAHkAcwB0AGUAbQAvAC4AcABkAGYADwAaAAwATQBhAGMAaQBuAHQAbwBzAGgAIABIAEQAEgBbVXNlcnMvVGVyamUvRG9jdW1lbnRzL1BhcGVycy9DaHJpc3RvcG91bG9zLzIwMDAgVGhlIEpQRUcyMDAwIHN0aWxsIGltYWdlIGNvZGluZyBzeXN0ZW06LnBkZgAAEwABLwAAFQACAAz//wAA0h4fICFYJGNsYXNzZXNaJGNsYXNzbmFtZaMhIiNdTlNNdXRhYmxlRGF0YVZOU0RhdGFYTlNPYmplY3RfEE4uLi8uLi8uLi9QYXBlcnMvQ2hyaXN0b3BvdWxvcy8yMDAwIFRoZSBKUEVHMjAwMCBzdGlsbCBpbWFnZSBjb2Rpbmcgc3lzdGVtOi5wZGbSHh8mJ6InI1xOU0RpY3Rpb25hcnkACAARABoAHwApADIANwA6AD8AQQBTAFwAYgBpAHAAeACDAIUAiACKAIwAjwCRAJMAnQCqAK8AtwC5AuUC6gLzAv4DAgMQAxcDIANxA3YDeQAAAAAAAAIBAAAAAAAAACgAAAAAAAAAAAAAAAAAAAOG}}

@book{komteori,
	Author = {Haykin, Simon},
	Date-Added = {2008-02-02 12:22:53 +0100},
	Date-Modified = {2009-08-18 22:30:38 +0200},
	Edition = {4th},
	Keywords = {Communication Theory},
	Publisher = {John Wiley \& Sons},
	Read = {Yes},
	Title = {Communication System},
	Year = {2001}}

@book{digsig,
	Author = {Proakis, John G. and Manolakis, Dimitris G.},
	Date-Added = {2008-02-02 11:48:29 +0100},
	Date-Modified = {2009-08-18 22:31:03 +0200},
	Keywords = {Signal processing},
	Publisher = {Pearson Prentice Hall},
	Read = {Yes},
	Title = {Digital Signal Processing},
	Year = {2007}}

@book{multimedia,
	Author = {Gibson, Jerry D. and Berger, Toby},
	Date-Added = {2008-02-01 22:33:44 +0100},
	Date-Modified = {2009-08-18 22:16:55 +0200},
	Keywords = {Multimedia},
	Publisher = {Morgan Kaufmann Publishers},
	Read = {Yes},
	Title = {Digital Compression for Multimedia},
	Year = {1998}}

@book{akustikk,
	Author = {Raichel, Daniel R.},
	Date-Added = {2008-01-23 17:02:32 +0100},
	Date-Modified = {2009-08-20 23:41:24 +0200},
	Edition = {second},
	Keywords = {Acoustics},
	Publisher = {Springer},
	Read = {Yes},
	Title = {The Science and Applications of Acoustics},
	Year = {2006}}

@phdthesis{nguyen09,
	Annote = {Kap 1.4.2},
	Author = {Nguyen, Binh Phu},
	Date-Added = {2009-07-10 19:24:55 +0200},
	Date-Modified = {2009-08-28 12:55:03 +0200},
	Keywords = {Speech technology},
	Month = {March},
	Rating = {0},
	Read = {Yes},
	School = {Japan Advanced Insitute of Science and Technology},
	Title = {Studies on Spectral Modification in Voice Transformation},
	Year = {2009},
	Bdsk-File-1 = {YnBsaXN0MDDUAQIDBAUGCQpYJHZlcnNpb25UJHRvcFkkYXJjaGl2ZXJYJG9iamVjdHMSAAGGoNEHCFRyb290gAFfEA9OU0tleWVkQXJjaGl2ZXKoCwwXGBkdJCVVJG51bGzTDQ4PEBEUViRjbGFzc1dOUy5rZXlzWk5TLm9iamVjdHOAB6ISE4ACgAOiFRaABIAGWWFsaWFzRGF0YVxyZWxhdGl2ZVBhdGjSDRobHFdOUy5kYXRhgAVPEQJEAAAAAAJEAAIAAAxNYWNpbnRvc2ggSEQAAAAAAAAAAAAAAAAAAADDR0iWSCsAAAEM5UcfMjAwOSBTdHVkaWVzIG9uIFNwZSMxMTFDMjNDLnBkZgAAAAAAAAAAAAAAAAAAAAAAAAAAAAAAAAAAAAAAAAAAARHCPMagt5pQREYgAAAAAAADAAMAAAkgAAAAAAAAAAAAAAAAAAAABk5ndXllbgAQAAgAAMNHLHYAAAARAAgAAMagm3oAAAABABQBDOVHAQzj8wALp5cAC6eAAAB5ZwACAFBNYWNpbnRvc2ggSEQ6VXNlcnM6VGVyamU6RG9jdW1lbnRzOlBhcGVyczpOZ3V5ZW46MjAwOSBTdHVkaWVzIG9uIFNwZSMxMTFDMjNDLnBkZgAOAIQAQQAyADAAMAA5ACAAUwB0AHUAZABpAGUAcwAgAG8AbgAgAFMAcABlAGMAdAByAGEAbAAgAE0AbwBkAGkAZgBpAGMAYQB0AGkAbwBuACAAaQBuACAAVgBvAGkAYwBlACAAVAByAGEAbgBzAGYAbwByAG0AYQB0AGkAbwBuAC4AcABkAGYADwAaAAwATQBhAGMAaQBuAHQAbwBzAGgAIABIAEQAEgBlVXNlcnMvVGVyamUvRG9jdW1lbnRzL1BhcGVycy9OZ3V5ZW4vMjAwOSBTdHVkaWVzIG9uIFNwZWN0cmFsIE1vZGlmaWNhdGlvbiBpbiBWb2ljZSBUcmFuc2Zvcm1hdGlvbi5wZGYAABMAAS8AABUAAgAM//8AANIeHyAhWCRjbGFzc2VzWiRjbGFzc25hbWWjISIjXU5TTXV0YWJsZURhdGFWTlNEYXRhWE5TT2JqZWN0XxBYLi4vLi4vLi4vUGFwZXJzL05ndXllbi8yMDA5IFN0dWRpZXMgb24gU3BlY3RyYWwgTW9kaWZpY2F0aW9uIGluIFZvaWNlIFRyYW5zZm9ybWF0aW9uLnBkZtIeHyYnoicjXE5TRGljdGlvbmFyeQAIABEAGgAfACkAMgA3ADoAPwBBAFMAXABiAGkAcAB4AIMAhQCIAIoAjACPAJEAkwCdAKoArwC3ALkDAQMGAw8DGgMeAywDMwM8A5cDnAOfAAAAAAAAAgEAAAAAAAAAKAAAAAAAAAAAAAAAAAAAA6w=}}

@inbook{stylianou08,
	Annote = {Overview article},
	Author = {Yannis Stylianou},
	Chapter = {24},
	Date-Added = {2009-07-10 19:24:55 +0200},
	Date-Modified = {2009-08-20 16:27:42 +0200},
	Editor = {Jacob Benesty and M. Mohan Sondhi and Yiteng Huang},
	Keywords = {Speech technology},
	Month = {October},
	Pages = {489--503},
	Publisher = {Springer},
	Rating = {5},
	Read = {Yes},
	Title = {Springer Handbook of Speech Processing},
	Url = {http://www.google.com/books?id=Slg10ekZBkAC&lpg=PR31&ots=wc7vO6VrKm&dq=springer%20handbook%20of%20speech%20processing&lr=&pg=PR20#v=onepage&q=&f=false},
	Year = {2008},
	Bdsk-File-1 = {YnBsaXN0MDDUAQIDBAUGCQpYJHZlcnNpb25UJHRvcFkkYXJjaGl2ZXJYJG9iamVjdHMSAAGGoNEHCFRyb290gAFfEA9OU0tleWVkQXJjaGl2ZXKoCwwXGBkdJCVVJG51bGzTDQ4PEBEUViRjbGFzc1dOUy5rZXlzWk5TLm9iamVjdHOAB6ISE4ACgAOiFRaABIAGWWFsaWFzRGF0YVxyZWxhdGl2ZVBhdGjSDRobHFdOUy5kYXRhgAVPEQI0AAAAAAI0AAIAAAxNYWNpbnRvc2ggSEQAAAAAAAAAAAAAAAAAAADDR0iWSCsAAAEM5Z0fMjAwNyBTcHJpbmdlciBIYW5kYiMxMDgwMzBDLnBkZgAAAAAAAAAAAAAAAAAAAAAAAAAAAAAAAAAAAAAAAAAAAQgDDMagt5oAAAAAAAAAAAADAAMAAAkgAAAAAAAAAAAAAAAAAAAACVN0eWxpYW5vdQAAEAAIAADDRyx2AAAAEQAIAADGoJt6AAAAAQAUAQzlnQEM4/MAC6eXAAungAAAeWcAAgBTTWFjaW50b3NoIEhEOlVzZXJzOlRlcmplOkRvY3VtZW50czpQYXBlcnM6U3R5bGlhbm91OjIwMDcgU3ByaW5nZXIgSGFuZGIjMTA4MDMwQy5wZGYAAA4AcgA4ADIAMAAwADcAIABTAHAAcgBpAG4AZwBlAHIAIABIAGEAbgBkAGIAbwBvAGsAIABvAGYAIABTAHAAZQBlAGMAaAAgAFAAcgBvAGMAZQBzAHMAaQBuAGcALwAgAEMAaABhAHAAdABlAHIALgBwAGQAZgAPABoADABNAGEAYwBpAG4AdABvAHMAaAAgAEgARAASAF9Vc2Vycy9UZXJqZS9Eb2N1bWVudHMvUGFwZXJzL1N0eWxpYW5vdS8yMDA3IFNwcmluZ2VyIEhhbmRib29rIG9mIFNwZWVjaCBQcm9jZXNzaW5nOiBDaGFwdGVyLnBkZgAAEwABLwAAFQACAAz//wAA0h4fICFYJGNsYXNzZXNaJGNsYXNzbmFtZaMhIiNdTlNNdXRhYmxlRGF0YVZOU0RhdGFYTlNPYmplY3RfEFIuLi8uLi8uLi9QYXBlcnMvU3R5bGlhbm91LzIwMDcgU3ByaW5nZXIgSGFuZGJvb2sgb2YgU3BlZWNoIFByb2Nlc3Npbmc6IENoYXB0ZXIucGRm0h4fJieiJyNcTlNEaWN0aW9uYXJ5AAgAEQAaAB8AKQAyADcAOgA/AEEAUwBcAGIAaQBwAHgAgwCFAIgAigCMAI8AkQCTAJ0AqgCvALcAuQLxAvYC/wMKAw4DHAMjAywDgQOGA4kAAAAAAAACAQAAAAAAAAAoAAAAAAAAAAAAAAAAAAADlg==}}

@manual{htkbook,
	Author = {Steve Young and Gunnar Evermann and Mark Gales and Thomas Hain and Dan Kershaw and Xunying Liu and Gareth Moore and Julian Odell and Dave Ollason and Dan Povey and Valtcho Valtchev and Phil Woodland},
	Date-Added = {2009-06-23 13:11:20 +0200},
	Date-Modified = {2009-08-18 22:08:05 +0200},
	Edition = {3.4},
	Journal = {HTK},
	Keywords = {Speech technology},
	Month = {March},
	Organization = {Cambridge University Engineering Department},
	Rating = {0},
	Read = {Yes},
	Title = {HTKbook},
	Year = {2009},
	Bdsk-File-1 = {YnBsaXN0MDDUAQIDBAUGCQpYJHZlcnNpb25UJHRvcFkkYXJjaGl2ZXJYJG9iamVjdHMSAAGGoNEHCFRyb290gAFfEA9OU0tleWVkQXJjaGl2ZXKoCwwXGBkdJCVVJG51bGzTDQ4PEBEUViRjbGFzc1dOUy5rZXlzWk5TLm9iamVjdHOAB6ISE4ACgAOiFRaABIAGWWFsaWFzRGF0YVxyZWxhdGl2ZVBhdGjSDRobHFdOUy5kYXRhgAVPEQGgAAAAAAGgAAIAAAxNYWNpbnRvc2ggSEQAAAAAAAAAAAAAAAAAAADDR0iWSCsAAAEM5owQMjAwOSBIVEtib29rLnBkZgAAAAAAAAAAAAAAAAAAAAAAAAAAAAAAAAAAAAAAAAAAAAAAAAAAAAAAAAAAAAAAAQgDGsagt5oAAAAAAAAAAAADAAMAAAkgAAAAAAAAAAAAAAAAAAAABVlvdW5nAAAQAAgAAMNHLHYAAAARAAgAAMagm3oAAAABABQBDOaMAQzj8wALp5cAC6eAAAB5ZwACAEBNYWNpbnRvc2ggSEQ6VXNlcnM6VGVyamU6RG9jdW1lbnRzOlBhcGVyczpZb3VuZzoyMDA5IEhUS2Jvb2sucGRmAA4AIgAQADIAMAAwADkAIABIAFQASwBiAG8AbwBrAC4AcABkAGYADwAaAAwATQBhAGMAaQBuAHQAbwBzAGgAIABIAEQAEgAzVXNlcnMvVGVyamUvRG9jdW1lbnRzL1BhcGVycy9Zb3VuZy8yMDA5IEhUS2Jvb2sucGRmAAATAAEvAAAVAAIADP//AADSHh8gIVgkY2xhc3Nlc1okY2xhc3NuYW1loyEiI11OU011dGFibGVEYXRhVk5TRGF0YVhOU09iamVjdF8QJi4uLy4uLy4uL1BhcGVycy9Zb3VuZy8yMDA5IEhUS2Jvb2sucGRm0h4fJieiJyNcTlNEaWN0aW9uYXJ5AAgAEQAaAB8AKQAyADcAOgA/AEEAUwBcAGIAaQBwAHgAgwCFAIgAigCMAI8AkQCTAJ0AqgCvALcAuQJdAmICawJ2AnoCiAKPApgCwQLGAskAAAAAAAACAQAAAAAAAAAoAAAAAAAAAAAAAAAAAAAC1g==}}

@unpublished{rao09,
	Annote = {Neural network},
	Author = {K. Sreenivasa Rao},
	Date-Added = {2009-07-10 19:24:55 +0200},
	Date-Modified = {2009-08-27 12:01:40 +0200},
	Doi = {10.1016/j.csl.2009.03.003},
	Keywords = {Speech technology},
	Month = {March},
	Note = {Computer Speech and Language, doi:\url{10.1016/j.csl.2009.03.003}},
	Rating = {0},
	Read = {Yes},
	Title = {Voice conversion by mapping the speaker-specific features using pitch synchronous approach},
	Year = {2009},
	Bdsk-File-1 = {YnBsaXN0MDDUAQIDBAUGCQpYJHZlcnNpb25UJHRvcFkkYXJjaGl2ZXJYJG9iamVjdHMSAAGGoNEHCFRyb290gAFfEA9OU0tleWVkQXJjaGl2ZXKoCwwXGBkdJCVVJG51bGzTDQ4PEBEUViRjbGFzc1dOUy5rZXlzWk5TLm9iamVjdHOAB6ISE4ACgAOiFRaABIAGWWFsaWFzRGF0YVxyZWxhdGl2ZVBhdGjSDRobHFdOUy5kYXRhgAVPEQJAAAAAAAJAAAIAAAxNYWNpbnRvc2ggSEQAAAAAAAAAAAAAAAAAAADDR0iWSCsAAAEM5PAfMjAwOSBWb2ljZSBjb252ZXJzaSMxMDgwMzE1LnBkZgAAAAAAAAAAAAAAAAAAAAAAAAAAAAAAAAAAAAAAAAAAAQgDFcagt5oAAAAAAAAAAAADAAMAAAkgAAAAAAAAAAAAAAAAAAAAA1JhbwAAEAAIAADDRyx2AAAAEQAIAADGoJt6AAAAAQAUAQzk8AEM4/MAC6eXAAungAAAeWcAAgBNTWFjaW50b3NoIEhEOlVzZXJzOlRlcmplOkRvY3VtZW50czpQYXBlcnM6UmFvOjIwMDkgVm9pY2UgY29udmVyc2kjMTA4MDMxNS5wZGYAAA4AhgBCADIAMAAwADkAIABWAG8AaQBjAGUAIABjAG8AbgB2AGUAcgBzAGkAbwBuACAAYgB5ACAAbQBhAHAAcABpAG4AZwAgAHQAaABlACAAcwBwAGUAYQBrAGUAcgAtAHMAcABlAGMAaQBmAGkAYwAgAGYAZQBhAHQAdQByAGUAcwAuAHAAZABmAA8AGgAMAE0AYQBjAGkAbgB0AG8AcwBoACAASABEABIAY1VzZXJzL1RlcmplL0RvY3VtZW50cy9QYXBlcnMvUmFvLzIwMDkgVm9pY2UgY29udmVyc2lvbiBieSBtYXBwaW5nIHRoZSBzcGVha2VyLXNwZWNpZmljIGZlYXR1cmVzLnBkZgAAEwABLwAAFQACAAz//wAA0h4fICFYJGNsYXNzZXNaJGNsYXNzbmFtZaMhIiNdTlNNdXRhYmxlRGF0YVZOU0RhdGFYTlNPYmplY3RfEFYuLi8uLi8uLi9QYXBlcnMvUmFvLzIwMDkgVm9pY2UgY29udmVyc2lvbiBieSBtYXBwaW5nIHRoZSBzcGVha2VyLXNwZWNpZmljIGZlYXR1cmVzLnBkZtIeHyYnoicjXE5TRGljdGlvbmFyeQAIABEAGgAfACkAMgA3ADoAPwBBAFMAXABiAGkAcAB4AIMAhQCIAIoAjACPAJEAkwCdAKoArwC3ALkC/QMCAwsDFgMaAygDLwM4A5EDlgOZAAAAAAAAAgEAAAAAAAAAKAAAAAAAAAAAAAAAAAAAA6Y=}}

@article{mostad08,
	Abstract = {P{\aa} Institutt for Elektronikk og Telekommunikasjon sin taleteknologigruppe 
	har det en stund v{\ae}rt {\o}nsket {\aa} lage et talestyrt dataspill som kan brukes 
	som demonstrator i forskjellige sammenhenger. Denne masteroppgaven har 
	g{\aa}tt ut p{\aa} {\aa} utvikle et slikt spill. Dette arbeidet er dokumentert i denne 
	rapporten. Rapporten gir ogs{\aa} en innf{\o}ring i n{\o}dvendig bakgrunnsteori, og 
	beskriver ogs{\aa} de verkt{\o}y som har blitt tatt i bruk. 
	En del av oppgaven var {\aa} finne et eksisterende spill, med {\aa}pen kildekode, 
	som passet bra til {\aa} bli utvidet med talestyring. Labyrintspillet CuteMaze 
	viste seg {\aa} v{\ae}re godt egnet, s{\aa} det ble valgt. 
	Til bruk i spillet har det blitt utviklet en talegjenkjenner basert p{\aa} ATK. 
	ATK st{\o}tter ikke Mac OS X, som er plattformen spillet skulle utvikles for. 
	En del av arbeidet har v{\ae}rt {\aa} finne en l{\o}sning p{\aa} dette problemet. Gjen- 
	kjenneren har blitt designet slik at den enkelt kan brukes i andre spill. 
	Siden spillet skal brukes i sammenhenger hvor det kan v{\ae}re mye st{\o}y, 
	ble det valgt {\aa} bruke et push-to-talk-grensesnitt. For {\aa} gj{\o}re spillet mer 
	push-to-talk-vennlig, har det blitt gjort noen endringer i spillets virkem{\aa}te. 
	Et sett ordmodeller, som talegjenkjenneren trenger, har blitt trent med 
	HTK. Disse modellene er ikke robuste, s{\aa} bedre modeller m{\aa} trenes i ettertid. 
	Veiledning for hvordan dette kan gj{\o}res er vedlagt rapporten. Forslag til 
	andre forbedringer er ogs{\aa} diskutert i slutten av rapporten. },
	Author = {Lars Petter Mostad},
	Date-Added = {2009-06-23 13:11:20 +0200},
	Date-Modified = {2009-08-18 21:55:27 +0200},
	Journal = {Master i elektronikk},
	Keywords = {Speech technology},
	Month = {June},
	Rating = {0},
	Read = {Yes},
	Title = {Talestyrt dataspill},
	Year = {2008},
	Bdsk-File-1 = {YnBsaXN0MDDUAQIDBAUGCQpYJHZlcnNpb25UJHRvcFkkYXJjaGl2ZXJYJG9iamVjdHMSAAGGoNEHCFRyb290gAFfEA9OU0tleWVkQXJjaGl2ZXKoCwwXGBkdJCVVJG51bGzTDQ4PEBEUViRjbGFzc1dOUy5rZXlzWk5TLm9iamVjdHOAB6ISE4ACgAOiFRaABIAGWWFsaWFzRGF0YVxyZWxhdGl2ZVBhdGjSDRobHFdOUy5kYXRhgAVPEQHSAAAAAAHSAAIAAAxNYWNpbnRvc2ggSEQAAAAAAAAAAAAAAAAAAADDR0iWSCsAAAEM5RocMjAwOCBUYWxlc3R5cnQgZGF0YXNwaWxsLnBkZgAAAAAAAAAAAAAAAAAAAAAAAAAAAAAAAAAAAAAAAAAAAAAAAQgDOMagt5sAAAAAAAAAAAADAAMAAAkgAAAAAAAAAAAAAAAAAAAABk1vc3RhZAAQAAgAAMNHLHYAAAARAAgAAMagm3sAAAABABQBDOUaAQzj8wALp5cAC6eAAAB5ZwACAE1NYWNpbnRvc2ggSEQ6VXNlcnM6VGVyamU6RG9jdW1lbnRzOlBhcGVyczpNb3N0YWQ6MjAwOCBUYWxlc3R5cnQgZGF0YXNwaWxsLnBkZgAADgA6ABwAMgAwADAAOAAgAFQAYQBsAGUAcwB0AHkAcgB0ACAAZABhAHQAYQBzAHAAaQBsAGwALgBwAGQAZgAPABoADABNAGEAYwBpAG4AdABvAHMAaAAgAEgARAASAEBVc2Vycy9UZXJqZS9Eb2N1bWVudHMvUGFwZXJzL01vc3RhZC8yMDA4IFRhbGVzdHlydCBkYXRhc3BpbGwucGRmABMAAS8AABUAAgAM//8AANIeHyAhWCRjbGFzc2VzWiRjbGFzc25hbWWjISIjXU5TTXV0YWJsZURhdGFWTlNEYXRhWE5TT2JqZWN0XxAzLi4vLi4vLi4vUGFwZXJzL01vc3RhZC8yMDA4IFRhbGVzdHlydCBkYXRhc3BpbGwucGRm0h4fJieiJyNcTlNEaWN0aW9uYXJ5AAgAEQAaAB8AKQAyADcAOgA/AEEAUwBcAGIAaQBwAHgAgwCFAIgAigCMAI8AkQCTAJ0AqgCvALcAuQKPApQCnQKoAqwCugLBAsoDAAMFAwgAAAAAAAACAQAAAAAAAAAoAAAAAAAAAAAAAAAAAAADFQ==}}

@inproceedings{stylianou09,
	Abstract = {Voice transformation refers to the various modifications one may apply to the sound produced by a person, speaking or singing. Voice transformation is usually seen as an add-on or an external system in speech synthesis systems since it may create virtual voices in a simple and flexible way. In this paper we review the state-of-the-art Voice transformation methodology showing its limitations in producing good speech quality and its current challenges. Addressing quality issues of current voice transformation algorithms in conjunction with properties of the speech production and speech perception systems we try to pave the way for more natural Voice Transformation algorithms in the future. Facing the challenges, will allow Voice transformation systems to be applied in important and versatile areas of speech technology; applications that are far beyond speech synthesis.},
	Author = {Stylianou, Yannis},
	Booktitle = {IEEE International Conference on Acoustics, Speech and Signal Processing},
	Date-Modified = {2009-09-02 14:35:07 +0200},
	Doi = {10.1109/ICASSP.2009.4960401},
	Issn = {1520-6149},
	Keywords = {Speech technology},
	Month = {April},
	Pages = {3585-3588},
	Read = {Yes},
	Title = {Voice Transformation: A survey},
	Year = {2009},
	Bdsk-File-1 = {YnBsaXN0MDDUAQIDBAUGCQpYJHZlcnNpb25UJHRvcFkkYXJjaGl2ZXJYJG9iamVjdHMSAAGGoNEHCFRyb290gAFfEA9OU0tleWVkQXJjaGl2ZXKoCwwXGBkdJCVVJG51bGzTDQ4PEBEUViRjbGFzc1dOUy5rZXlzWk5TLm9iamVjdHOAB6ISE4ACgAOiFRaABIAGWWFsaWFzRGF0YVxyZWxhdGl2ZVBhdGjSDRobHFdOUy5kYXRhgAVPEQIAAAAAAAIAAAIAAAxNYWNpbnRvc2ggSEQAAAAAAAAAAAAAAAAAAADDR0iWSCsAAAEM5Z0fMjAwOSBWb2ljZSBUcmFuc2ZvciMxMTNBQkM0LnBkZgAAAAAAAAAAAAAAAAAAAAAAAAAAAAAAAAAAAAAAAAAAAROrxMbEBiEAAAAAAAAAAAADAAMAAAkgAAAAAAAAAAAAAAAAAAAACVN0eWxpYW5vdQAAEAAIAADDRyx2AAAAEQAIAADGw+oBAAAAAQAUAQzlnQEM4/MAC6eXAAungAAAeWcAAgBTTWFjaW50b3NoIEhEOlVzZXJzOlRlcmplOkRvY3VtZW50czpQYXBlcnM6U3R5bGlhbm91OjIwMDkgVm9pY2UgVHJhbnNmb3IjMTEzQUJDNC5wZGYAAA4AUAAnADIAMAAwADkAIABWAG8AaQBjAGUAIABUAHIAYQBuAHMAZgBvAHIAbQBhAHQAaQBvAG4ALwAgAEEAIABzAHUAcgB2AGUAeQAuAHAAZABmAA8AGgAMAE0AYQBjAGkAbgB0AG8AcwBoACAASABEABIATlVzZXJzL1RlcmplL0RvY3VtZW50cy9QYXBlcnMvU3R5bGlhbm91LzIwMDkgVm9pY2UgVHJhbnNmb3JtYXRpb246IEEgc3VydmV5LnBkZgATAAEvAAAVAAIADP//AADSHh8gIVgkY2xhc3Nlc1okY2xhc3NuYW1loyEiI11OU011dGFibGVEYXRhVk5TRGF0YVhOU09iamVjdF8QQS4uLy4uLy4uL1BhcGVycy9TdHlsaWFub3UvMjAwOSBWb2ljZSBUcmFuc2Zvcm1hdGlvbjogQSBzdXJ2ZXkucGRm0h4fJieiJyNcTlNEaWN0aW9uYXJ5AAgAEQAaAB8AKQAyADcAOgA/AEEAUwBcAGIAaQBwAHgAgwCFAIgAigCMAI8AkQCTAJ0AqgCvALcAuQK9AsICywLWAtoC6ALvAvgDPANBA0QAAAAAAAACAQAAAAAAAAAoAAAAAAAAAAAAAAAAAAADUQ==},
	Bdsk-Url-1 = {http://dx.doi.org/10.1109/ICASSP.2009.4960401}}

@inproceedings{desai09,
	Abstract = {In this paper, we propose to use artificial neural networks (ANN) for voice conversion. We have exploited the mapping abilities of ANN to perform mapping of spectral features of a source speaker to that of a target speaker. A comparative study of voice conversion using ANN and the state-of-the-art Gaussian mixture model (GMM) is conducted. The results of voice conversion evaluated using subjective and objective measures confirm that ANNs perform better transformation than GMMs and the quality of the transformed speech is intelligible and has the characteristics of the target speaker.},
	Author = {Desai, S. and Raghavendra, E.V. and Yegnanarayana, B. and Black, A.W. and Prahallad, K.},
	Booktitle = {IEEE International Conference on Acoustics, Speech and Signal Processing},
	Date-Modified = {2009-09-02 11:26:28 +0200},
	Doi = {10.1109/ICASSP.2009.4960478},
	Issn = {1520-6149},
	Keywords = {Speech technology},
	Month = {April},
	Pages = {3893-3896},
	Title = {Voice conversion using Artificial Neural Networks},
	Year = {2009},
	Bdsk-File-1 = {YnBsaXN0MDDUAQIDBAUGCQpYJHZlcnNpb25UJHRvcFkkYXJjaGl2ZXJYJG9iamVjdHMSAAGGoNEHCFRyb290gAFfEA9OU0tleWVkQXJjaGl2ZXKoCwwXGBkdJCVVJG51bGzTDQ4PEBEUViRjbGFzc1dOUy5rZXlzWk5TLm9iamVjdHOAB6ISE4ACgAOiFRaABIAGWWFsaWFzRGF0YVxyZWxhdGl2ZVBhdGjSDRobHFdOUy5kYXRhgAVPEQISAAAAAAISAAIAAAxNYWNpbnRvc2ggSEQAAAAAAAAAAAAAAAAAAADDR0iWSCsAAAETqr8fMjAwOSBWb2ljZSBjb252ZXJzaSMxMTNBOTg4LnBkZgAAAAAAAAAAAAAAAAAAAAAAAAAAAAAAAAAAAAAAAAAAAROpiMbEA9gAAAAAAAAAAAADAAMAAAkgAAAAAAAAAAAAAAAAAAAABURlc2FpAAAQAAgAAMNHLHYAAAARAAgAAMbD57gAAAABABQBE6q/AQzj8wALp5cAC6eAAAB5ZwACAE9NYWNpbnRvc2ggSEQ6VXNlcnM6VGVyamU6RG9jdW1lbnRzOlBhcGVyczpEZXNhaToyMDA5IFZvaWNlIGNvbnZlcnNpIzExM0E5ODgucGRmAAAOAGQAMQAyADAAMAA5ACAAVgBvAGkAYwBlACAAYwBvAG4AdgBlAHIAcwBpAG8AbgAgAHUAcwBpAG4AZwAgAEEAcgB0AGkAZgBpAGMAaQBhAGwAIABOAGUAdQByAGEAbAAuAHAAZABmAA8AGgAMAE0AYQBjAGkAbgB0AG8AcwBoACAASABEABIAVFVzZXJzL1RlcmplL0RvY3VtZW50cy9QYXBlcnMvRGVzYWkvMjAwOSBWb2ljZSBjb252ZXJzaW9uIHVzaW5nIEFydGlmaWNpYWwgTmV1cmFsLnBkZgATAAEvAAAVAAIADP//AADSHh8gIVgkY2xhc3Nlc1okY2xhc3NuYW1loyEiI11OU011dGFibGVEYXRhVk5TRGF0YVhOU09iamVjdF8QRy4uLy4uLy4uL1BhcGVycy9EZXNhaS8yMDA5IFZvaWNlIGNvbnZlcnNpb24gdXNpbmcgQXJ0aWZpY2lhbCBOZXVyYWwucGRm0h4fJieiJyNcTlNEaWN0aW9uYXJ5AAgAEQAaAB8AKQAyADcAOgA/AEEAUwBcAGIAaQBwAHgAgwCFAIgAigCMAI8AkQCTAJ0AqgCvALcAuQLPAtQC3QLoAuwC+gMBAwoDVANZA1wAAAAAAAACAQAAAAAAAAAoAAAAAAAAAAAAAAAAAAADaQ==},
	Bdsk-Url-1 = {http://dx.doi.org/10.1109/ICASSP.2009.4960478}}

@book{iser08,
	Author = {Bernd Iser and Wolfgang Minker and Gerhard Schmidt},
	Date-Added = {2009-07-06 10:00:38 +0200},
	Date-Modified = {2009-08-18 22:11:11 +0200},
	Keywords = {Speech technology},
	Rating = {0},
	Read = {Yes},
	Series = {Lecture Notes In Electrical Engineering},
	Title = {Bandwidth Extension of Speech Signals},
	Volume = {13},
	Year = {2008},
	Bdsk-File-1 = {YnBsaXN0MDDUAQIDBAUGCQpYJHZlcnNpb25UJHRvcFkkYXJjaGl2ZXJYJG9iamVjdHMSAAGGoNEHCFRyb290gAFfEA9OU0tleWVkQXJjaGl2ZXKoCwwXGBkdJCVVJG51bGzTDQ4PEBEUViRjbGFzc1dOUy5rZXlzWk5TLm9iamVjdHOAB6ISE4ACgAOiFRaABIAGWWFsaWFzRGF0YVxyZWxhdGl2ZVBhdGjSDRobHFdOUy5kYXRhgAVPEQIEAAAAAAIEAAIAAAxNYWNpbnRvc2ggSEQAAAAAAAAAAAAAAAAAAADDR0iWSCsAAAEM5x0fMjAwOCBCYW5kd2lkdGggZXh0ZSMxMDgwMzJGLnBkZgAAAAAAAAAAAAAAAAAAAAAAAAAAAAAAAAAAAAAAAAAAAQgDL8agt5oAAAAAAAAAAAADAAMAAAkgAAAAAAAAAAAAAAAAAAAABElzZXIAEAAIAADDRyx2AAAAEQAIAADGoJt6AAAAAQAUAQznHQEM4/MAC6eXAAungAAAeWcAAgBOTWFjaW50b3NoIEhEOlVzZXJzOlRlcmplOkRvY3VtZW50czpQYXBlcnM6SXNlcjoyMDA4IEJhbmR3aWR0aCBleHRlIzEwODAzMkYucGRmAA4AXgAuADIAMAAwADgAIABCAGEAbgBkAHcAaQBkAHQAaAAgAGUAeAB0AGUAbgBzAGkAbwBuACAAbwBmACAAcwBwAGUAZQBjAGgAIABzAGkAZwBuAGEAbABzAC4AcABkAGYADwAaAAwATQBhAGMAaQBuAHQAbwBzAGgAIABIAEQAEgBQVXNlcnMvVGVyamUvRG9jdW1lbnRzL1BhcGVycy9Jc2VyLzIwMDggQmFuZHdpZHRoIGV4dGVuc2lvbiBvZiBzcGVlY2ggc2lnbmFscy5wZGYAEwABLwAAFQACAAz//wAA0h4fICFYJGNsYXNzZXNaJGNsYXNzbmFtZaMhIiNdTlNNdXRhYmxlRGF0YVZOU0RhdGFYTlNPYmplY3RfEEMuLi8uLi8uLi9QYXBlcnMvSXNlci8yMDA4IEJhbmR3aWR0aCBleHRlbnNpb24gb2Ygc3BlZWNoIHNpZ25hbHMucGRm0h4fJieiJyNcTlNEaWN0aW9uYXJ5AAgAEQAaAB8AKQAyADcAOgA/AEEAUwBcAGIAaQBwAHgAgwCFAIgAigCMAI8AkQCTAJ0AqgCvALcAuQLBAsYCzwLaAt4C7ALzAvwDQgNHA0oAAAAAAAACAQAAAAAAAAAoAAAAAAAAAAAAAAAAAAADVw==}}

@comment{BibDesk Static Groups{
<?xml version="1.0" encoding="UTF-8"?>
<!DOCTYPE plist PUBLIC "-//Apple//DTD PLIST 1.0//EN" "http://www.apple.com/DTDs/PropertyList-1.0.dtd">
<plist version="1.0">
<array>
	<dict>
		<key>group name</key>
		<string>Guider og manualer</string>
		<key>keys</key>
		<string>nordgaard07,htkbook,matlabintro</string>
	</dict>
	<dict>
		<key>group name</key>
		<string>Master</string>
		<key>keys</key>
		<string>iwahashi94,kain98,nguyen09,taletek,stylianou98,stylianou09,stylianou08,rao09,yutani09,stylianou95</string>
	</dict>
</array>
</plist>
}}
